<?xml version="1.0" encoding="UTF-8"?>
<!DOCTYPE html PUBLIC "-//W3C//DTD XHTML 1.0 Transitional//EN"
    "http://www.w3.org/TR/xhtml1/DTD/xhtml1-transitional.dtd">
<html xmlns="http://www.w3.org/1999/xhtml" xml:lang="en" lang="en">
 <head>
  <title>
</title>
<meta http-equiv="Content-Type" content="text/html;charset=utf-8" />
  <meta name='ocr-system' content='tesseract 3.04.00' />
  <meta name='ocr-capabilities' content='ocr_page ocr_carea ocr_par ocr_line ocrx_word'/>
</head>
<body>
  <div class='ocr_page' id='page_1' title='image "./doctorisecstati01unkngoog_0488.png"; bbox 0 0 4154 6258; ppageno 0'>
   <div class='ocr_carea' id='block_1_1' title="bbox 325 481 1661 568">
    <p class='ocr_par' dir='ltr' id='par_1_1' title="bbox 325 481 1661 568">
     <span class='ocr_line' id='line_1_1' title="bbox 325 481 1661 568; baseline -0.003 -17"><span class='ocrx_word' id='word_1_1' title='bbox 325 502 473 551; x_wconf 80' lang='lat' dir='ltr'><strong>uoururua</strong></span> <span class='ocrx_word' id='word_1_2' title='bbox 492 504 533 549; x_wconf 84' lang='lat' dir='ltr'><strong>xv</strong></span> <span class='ocrx_word' id='word_1_3' title='bbox 555 501 628 550; x_wconf 88' lang='lat' dir='ltr'><strong>rosr</strong></span> <span class='ocrx_word' id='word_1_4' title='bbox 647 503 841 551; x_wconf 71' lang='lat' dir='ltr'><strong>susurrares.</strong></span> <span class='ocrx_word' id='word_1_5' title='bbox 862 521 902 534; x_wconf 88' lang='lat'>-</span> <span class='ocrx_word' id='word_1_6' title='bbox 922 505 965 552; x_wconf 80' lang='lat' dir='ltr'><strong>ao</strong></span> <span class='ocrx_word' id='word_1_7' title='bbox 985 504 1180 568; x_wconf 83' lang='lat' dir='ltr'><strong>natrcrosos3</strong></span> <span class='ocrx_word' id='word_1_8' title='bbox 1203 505 1302 554; x_wconf 80' lang='lat' dir='ltr'><strong>saeuo</strong></span> <span class='ocrx_word' id='word_1_9' title='bbox 1322 506 1449 563; x_wconf 85' lang='lat' dir='ltr'><strong>oumrus</strong></span> <span class='ocrx_word' id='word_1_10' title='bbox 1601 481 1661 548; x_wconf 81' lang='lat' dir='ltr'><strong>tol</strong></span> 
     </span>
    </p>
   </div>
   <div class='ocr_carea' id='block_1_2' title="bbox 5 673 1807 5383">
    <p class='ocr_par' dir='ltr' id='par_1_2' title="bbox 109 673 1747 1055">
     <span class='ocr_line' id='line_1_2' title="bbox 109 673 1662 760; baseline 0.004 -26"><span class='ocrx_word' id='word_1_11' title='bbox 109 679 224 756; x_wconf 85' lang='lat' dir='ltr'><strong>aperta</strong></span> <span class='ocrx_word' id='word_1_12' title='bbox 246 673 468 758; x_wconf 86' lang='lat' dir='ltr'><strong>objurgatione</strong></span> <span class='ocrx_word' id='word_1_13' title='bbox 489 681 651 750; x_wconf 80' lang='lat' dir='ltr'><strong>curantur,</strong></span> <span class='ocrx_word' id='word_1_14' title='bbox 672 674 706 737; x_wconf 93' lang='lat' dir='ltr'><strong>hi</strong></span> <span class='ocrx_word' id='word_1_15' title='bbox 728 675 784 758; x_wconf 93' lang='lat' dir='ltr'><strong>qui</strong></span> <span class='ocrx_word' id='word_1_16' title='bbox 805 692 859 739; x_wconf 91' lang='lat' dir='ltr'><strong>eos</strong></span> <span class='ocrx_word' id='word_1_17' title='bbox 874 677 899 741; x_wconf 85' lang='grc' dir='ltr'>Α</span> <span class='ocrx_word' id='word_1_18' title='bbox 914 675 948 738; x_wconf 92' lang='lat' dir='ltr'><strong>in</strong></span> <span class='ocrx_word' id='word_1_19' title='bbox 967 676 1027 744; x_wconf 91' lang='lat' dir='ltr'><strong>hoc</strong></span> <span class='ocrx_word' id='word_1_20' title='bbox 1047 676 1117 758; x_wconf 88' lang='lat' dir='ltr'><strong>ipso</strong></span> <span class='ocrx_word' id='word_1_21' title='bbox 1138 684 1294 760; x_wconf 76' lang='lat' dir='ltr'><strong>peccaret.</strong></span> <span class='ocrx_word' id='word_1_22' title='bbox 1311 675 1446 740; x_wconf 88' lang='lat' dir='ltr'><strong>Omnino</strong></span> <span class='ocrx_word' id='word_1_23' title='bbox 1465 674 1552 739; x_wconf 92' lang='lat' dir='ltr'><strong>enim</strong></span> <span class='ocrx_word' id='word_1_24' title='bbox 1571 692 1662 759; x_wconf 94' lang='lat' dir='ltr'><strong>opor·</strong></span> 
     </span>
     <span class='ocr_line' id='line_1_3' title="bbox 112 773 1662 858; baseline 0.003 -25"><span class='ocrx_word' id='word_1_25' title='bbox 112 773 279 854; x_wconf 91' lang='lat' dir='ltr'><strong>sequendo</strong></span> <span class='ocrx_word' id='word_1_26' title='bbox 293 773 504 856; x_wconf 90' lang='lat' dir='ltr'><strong>deliquerant,</strong></span> <span class='ocrx_word' id='word_1_27' title='bbox 520 773 719 855; x_wconf 81' lang='lat' dir='ltr'><strong>corrigantur</strong></span> <span class='ocrx_word' id='word_1_28' title='bbox 731 791 738 836; x_wconf 93' lang='lat'>:</span> <span class='ocrx_word' id='word_1_29' title='bbox 750 774 860 858; x_wconf 93' lang='lat' dir='ltr'><strong>sicque</strong></span> <span class='ocrx_word' id='word_1_30' title='bbox 914 782 959 838; x_wconf 88' lang='lat' dir='ltr'><strong>tet</strong></span> <span class='ocrx_word' id='word_1_31' title='bbox 973 782 1008 838; x_wconf 95' lang='lat' dir='ltr'><strong>ut</strong></span> <span class='ocrx_word' id='word_1_32' title='bbox 1028 775 1201 858; x_wconf 76' lang='lat' dir='ltr'><strong>praesidens</strong></span> <span class='ocrx_word' id='word_1_33' title='bbox 1220 782 1315 839; x_wconf 79' lang='lat' dir='ltr'><strong>tante</strong></span> <span class='ocrx_word' id='word_1_34' title='bbox 1334 775 1376 838; x_wconf 88' lang='lat' dir='ltr'><strong>sit</strong></span> <span class='ocrx_word' id='word_1_35' title='bbox 1394 775 1610 858; x_wconf 88' lang='lat' dir='ltr'><strong>perfectionis,</strong></span> <span class='ocrx_word' id='word_1_36' title='bbox 1627 781 1662 838; x_wconf 95' lang='lat' dir='ltr'><strong>ut</strong></span> 
     </span>
     <span class='ocr_line' id='line_1_4' title="bbox 112 869 1747 955; baseline 0.003 -24"><span class='ocrx_word' id='word_1_37' title='bbox 112 869 190 932; x_wconf 89' lang='lat' dir='ltr'><strong>dum</strong></span> <span class='ocrx_word' id='word_1_38' title='bbox 205 889 288 934; x_wconf 92' lang='lat' dir='ltr'><strong>unus</strong></span> <span class='ocrx_word' id='word_1_39' title='bbox 303 872 411 935; x_wconf 91' lang='lat' dir='ltr'><strong>debite</strong></span> <span class='ocrx_word' id='word_1_40' title='bbox 427 871 739 955; x_wconf 85' lang='lat' dir='ltr'><strong>castigatur,plurimi</strong></span> <span class='ocrx_word' id='word_1_41' title='bbox 755 891 861 936; x_wconf 91' lang='lat' dir='ltr'><strong>emen·</strong></span> <span class='ocrx_word' id='word_1_42' title='bbox 915 894 972 938; x_wconf 93' lang='lat' dir='ltr'><strong>sua</strong></span> <span class='ocrx_word' id='word_1_43' title='bbox 994 874 1146 948; x_wconf 89' lang='lat' dir='ltr'><strong>bonitate,</strong></span> <span class='ocrx_word' id='word_1_44' title='bbox 1172 874 1307 938; x_wconf 90' lang='lat' dir='ltr'><strong>aliorum</strong></span> <span class='ocrx_word' id='word_1_45' title='bbox 1332 873 1498 949; x_wconf 89' lang='lat' dir='ltr'><strong>malitiam,</strong></span> <span class='ocrx_word' id='word_1_46' title='bbox 1523 892 1580 937; x_wconf 91' lang='lat' dir='ltr'><strong>sua</strong></span> <span class='ocrx_word' id='word_1_47' title='bbox 1603 873 1662 936; x_wconf 92' lang='lat' dir='ltr'><strong>hu·</strong></span> <span class='ocrx_word' id='word_1_48' title='bbox 1735 881 1747 904; x_wconf 83' lang='lat'><em>&#39;</em></span> 
     </span>
     <span class='ocr_line' id='line_1_5' title="bbox 112 968 1662 1055; baseline 0.003 -25"><span class='ocrx_word' id='word_1_49' title='bbox 112 968 240 1031; x_wconf 88' lang='lat' dir='ltr'><strong>dentur.</strong></span> <span class='ocrx_word' id='word_1_50' title='bbox 252 969 341 1033; x_wconf 91' lang='lat' dir='ltr'><strong>Unde</strong></span> <span class='ocrx_word' id='word_1_51' title='bbox 355 971 396 1034; x_wconf 91' lang='lat' dir='ltr'><strong>de</strong></span> <span class='ocrx_word' id='word_1_52' title='bbox 411 970 580 1034; x_wconf 83' lang='lat' dir='ltr'><strong>manifeste</strong></span> <span class='ocrx_word' id='word_1_53' title='bbox 595 970 802 1052; x_wconf 87' lang='lat' dir='ltr'><strong>peccantibus</strong></span> <span class='ocrx_word' id='word_1_54' title='bbox 817 971 862 1034; x_wconf 91' lang='lat' dir='ltr'><strong>ait</strong></span> <span class='ocrx_word' id='word_1_55' title='bbox 916 973 1061 1044; x_wconf 91' lang='lat' dir='ltr'><strong>militate,</strong></span> <span class='ocrx_word' id='word_1_56' title='bbox 1078 972 1333 1048; x_wconf 88' lang='lat' dir='ltr'><strong>mansuetudine,</strong></span> <span class='ocrx_word' id='word_1_57' title='bbox 1351 972 1515 1055; x_wconf 89' lang='lat' dir='ltr'><strong>patientia,</strong></span> <span class='ocrx_word' id='word_1_58' title='bbox 1532 971 1662 1035; x_wconf 87' lang='lat' dir='ltr'><strong>caritate</strong></span> 
     </span>
    </p>

    <p class='ocr_par' dir='ltr' id='par_1_3' title="bbox 5 1067 1664 1942">
     <span class='ocr_line' id='line_1_6' title="bbox 5 1067 1662 1154; baseline 0.004 -26"><span class='ocrx_word' id='word_1_59' title='bbox 5 1085 97 1136; x_wconf 58' lang='lat' dir='ltr'><strong>amase.</strong></span> <span class='ocrx_word' id='word_1_60' title='bbox 112 1068 152 1130; x_wconf 90' lang='lat' dir='ltr'><strong>ad</strong></span> <span class='ocrx_word' id='word_1_61' title='bbox 177 1067 380 1132; x_wconf 78' lang='lat' dir='ltr'><strong>Timotheum</strong></span> <span class='ocrx_word' id='word_1_62' title='bbox 402 1068 571 1151; x_wconf 81' lang='lat' dir='ltr'><strong>Apostolus</strong></span> <span class='ocrx_word' id='word_1_63' title='bbox 592 1089 599 1134; x_wconf 92' lang='lat'>:</span> <span class='ocrx_word' id='word_1_64' title='bbox 620 1070 789 1132; x_wconf 86' lang='lat' dir='ltr'><strong>Peccantes</strong></span> <span class='ocrx_word' id='word_1_65' title='bbox 810 1088 860 1134; x_wconf 83' lang='lat' dir='ltr'><strong>co</strong></span> <span class='ocrx_word' id='word_1_66' title='bbox 916 1079 947 1134; x_wconf 89' lang='lat' dir='ltr'><strong>et</strong></span> <span class='ocrx_word' id='word_1_67' title='bbox 972 1071 1138 1154; x_wconf 89' lang='lat' dir='ltr'><strong>sapientie,</strong></span> <span class='ocrx_word' id='word_1_68' title='bbox 1158 1071 1294 1134; x_wconf 90' lang='lat' dir='ltr'><strong>aliorum</strong></span> <span class='ocrx_word' id='word_1_69' title='bbox 1313 1072 1466 1152; x_wconf 87' lang='lat' dir='ltr'><strong>(maxime</strong></span> <span class='ocrx_word' id='word_1_70' title='bbox 1490 1070 1552 1134; x_wconf 92' lang='lat' dir='ltr'><strong>sibi</strong></span> <span class='ocrx_word' id='word_1_71' title='bbox 1577 1087 1662 1134; x_wconf 92' lang='lat' dir='ltr'><strong>oom-</strong></span> 
     </span>
     <span class='ocr_line' id='line_1_7' title="bbox 112 1165 1660 1252; baseline 0.001 -24"><span class='ocrx_word' id='word_1_72' title='bbox 112 1185 182 1229; x_wconf 89' lang='lat' dir='ltr'><strong>ram</strong></span> <span class='ocrx_word' id='word_1_73' title='bbox 212 1165 364 1230; x_wconf 91' lang='lat' dir='ltr'><strong>omnibus</strong></span> <span class='ocrx_word' id='word_1_74' title='bbox 393 1185 501 1248; x_wconf 87' lang='lat' dir='ltr'><strong>argue,</strong></span> <span class='ocrx_word' id='word_1_75' title='bbox 528 1173 563 1228; x_wconf 87' lang='lat' dir='ltr'><strong>ut</strong></span> <span class='ocrx_word' id='word_1_76' title='bbox 587 1167 684 1229; x_wconf 89' lang='lat' dir='ltr'><strong>ceteri</strong></span> <span class='ocrx_word' id='word_1_77' title='bbox 711 1167 861 1232; x_wconf 91' lang='lat' dir='ltr'><strong>timorem</strong></span> <span class='ocrx_word' id='word_1_78' title='bbox 917 1169 1660 1252; x_wconf 88' lang='lat' dir='ltr'><strong>missorum)superbiam,iram,impaticntiam,</strong></span> 
     </span>
     <span class='ocr_line' id='line_1_8' title="bbox 112 1264 1663 1350; baseline 0.003 -24"><span class='ocrx_word' id='word_1_79' title='bbox 112 1264 261 1328; x_wconf 82' lang='lat' dir='ltr'><strong>habeant.</strong></span> <span class='ocrx_word' id='word_1_80' title='bbox 281 1265 340 1339; x_wconf 85' lang='lat' dir='ltr'><strong>Qui</strong></span> <span class='ocrx_word' id='word_1_81' title='bbox 360 1265 479 1328; x_wconf 86' lang='lat' dir='ltr'><strong>etenim</strong></span> <span class='ocrx_word' id='word_1_82' title='bbox 500 1264 628 1347; x_wconf 91' lang='lat' dir='ltr'><strong>publice</strong></span> <span class='ocrx_word' id='word_1_83' title='bbox 650 1272 772 1347; x_wconf 92' lang='lat' dir='ltr'><strong>peccat,</strong></span> <span class='ocrx_word' id='word_1_84' title='bbox 788 1265 861 1328; x_wconf 89' lang='lat' dir='ltr'><strong>aliis</strong></span> <span class='ocrx_word' id='word_1_85' title='bbox 915 1268 1126 1341; x_wconf 86' lang='lat' dir='ltr'><strong>aversionem,</strong></span> <span class='ocrx_word' id='word_1_86' title='bbox 1143 1267 1393 1350; x_wconf 90' lang='lat' dir='ltr'><strong>imprudentiam</strong></span> <span class='ocrx_word' id='word_1_87' title='bbox 1415 1267 1516 1350; x_wconf 90' lang='lat' dir='ltr'><strong>possit</strong></span> <span class='ocrx_word' id='word_1_88' title='bbox 1534 1267 1663 1332; x_wconf 89' lang='lat' dir='ltr'><strong>vincere</strong></span> 
     </span>
     <span class='ocr_line' id='line_1_9' title="bbox 112 1362 1662 1449; baseline 0.001 -22"><span class='ocrx_word' id='word_1_89' title='bbox 112 1363 235 1445; x_wconf 78' lang='lat' dir='ltr'><strong>prebet</strong></span> <span class='ocrx_word' id='word_1_90' title='bbox 263 1362 417 1446; x_wconf 89' lang='lat' dir='ltr'><strong>peccandi</strong></span> <span class='ocrx_word' id='word_1_91' title='bbox 446 1363 622 1438; x_wconf 86' lang='lat' dir='ltr'><strong>audaciam,</strong></span> <span class='ocrx_word' id='word_1_92' title='bbox 647 1370 679 1426; x_wconf 92' lang='lat' dir='ltr'><strong>et</strong></span> <span class='ocrx_word' id='word_1_93' title='bbox 708 1364 861 1428; x_wconf 89' lang='lat' dir='ltr'><strong>scandali·</strong></span> <span class='ocrx_word' id='word_1_94' title='bbox 916 1373 948 1430; x_wconf 91' lang='lat' dir='ltr'><strong>et</strong></span> <span class='ocrx_word' id='word_1_95' title='bbox 967 1384 1078 1430; x_wconf 88' lang='lat' dir='ltr'><strong>curare</strong></span> <span class='ocrx_word' id='word_1_96' title='bbox 1095 1365 1238 1449; x_wconf 90' lang='lat' dir='ltr'><strong>:alioqui</strong></span> <span class='ocrx_word' id='word_1_97' title='bbox 1260 1381 1325 1428; x_wconf 91' lang='lat' dir='ltr'><strong>non</strong></span> <span class='ocrx_word' id='word_1_98' title='bbox 1347 1365 1450 1428; x_wconf 89' lang='lat' dir='ltr'><strong>bonus</strong></span> <span class='ocrx_word' id='word_1_99' title='bbox 1471 1384 1575 1448; x_wconf 93' lang='lat' dir='ltr'><strong>neque</strong></span> <span class='ocrx_word' id='word_1_100' title='bbox 1597 1365 1662 1429; x_wconf 91' lang='lat' dir='ltr'><strong>ido·</strong></span> 
     </span>
     <span class='ocr_line' id='line_1_10' title="bbox 111 1460 1442 1528; baseline 0.002 -4"><span class='ocrx_word' id='word_1_101' title='bbox 111 1461 214 1524; x_wconf 83' lang='lat' dir='ltr'><strong>zando</strong></span> <span class='ocrx_word' id='word_1_102' title='bbox 237 1468 332 1526; x_wconf 90' lang='lat' dir='ltr'><strong>nocet</strong></span> <span class='ocrx_word' id='word_1_103' title='bbox 356 1460 578 1524; x_wconf 82' lang='lat' dir='ltr'><strong>communitati</strong></span> <span class='ocrx_word' id='word_1_104' title='bbox 604 1480 612 1526; x_wconf 93' lang='lat'><strong>:</strong></span> <span class='ocrx_word' id='word_1_105' title='bbox 639 1461 760 1525; x_wconf 90' lang='lat' dir='ltr'><strong>idcirco</strong></span> <span class='ocrx_word' id='word_1_106' title='bbox 784 1463 860 1525; x_wconf 92' lang='lat' dir='ltr'><strong>dum</strong></span> <span class='ocrx_word' id='word_1_107' title='bbox 916 1484 996 1528; x_wconf 90' lang='lat' dir='ltr'><strong>neus</strong></span> <span class='ocrx_word' id='word_1_108' title='bbox 1017 1472 1065 1528; x_wconf 89' lang='lat' dir='ltr'><strong>est</strong></span> <span class='ocrx_word' id='word_1_109' title='bbox 1086 1463 1230 1527; x_wconf 91' lang='lat' dir='ltr'><strong>medicus</strong></span> <span class='ocrx_word' id='word_1_110' title='bbox 1250 1464 1442 1527; x_wconf 88' lang='lat' dir='ltr'><strong>animarum.</strong></span> 
     </span>
     <span class='ocr_line' id='line_1_11' title="bbox 111 1558 1663 1646; baseline 0.004 -26"><span class='ocrx_word' id='word_1_111' title='bbox 111 1558 244 1640; x_wconf 91' lang='lat' dir='ltr'><strong>publice</strong></span> <span class='ocrx_word' id='word_1_112' title='bbox 259 1559 431 1642; x_wconf 89' lang='lat' dir='ltr'><strong>corripitur</strong></span> <span class='ocrx_word' id='word_1_113' title='bbox 444 1578 482 1622; x_wconf 92' lang='lat' dir='ltr'><strong>ac</strong></span> <span class='ocrx_word' id='word_1_114' title='bbox 497 1558 603 1622; x_wconf 87' lang='lat' dir='ltr'><strong>debite</strong></span> <span class='ocrx_word' id='word_1_115' title='bbox 617 1559 860 1641; x_wconf 89' lang='lat' dir='ltr'><strong>castigatur‚alii</strong></span> <span class='ocrx_word' id='word_1_116' title='bbox 954 1563 1035 1627; x_wconf 86' lang='lat' dir='ltr'><strong>ilinc</strong></span> <span class='ocrx_word' id='word_1_117' title='bbox 1049 1571 1177 1626; x_wconf 93' lang='lat' dir='ltr'><strong>sanctus</strong></span> <span class='ocrx_word' id='word_1_118' title='bbox 1192 1570 1281 1646; x_wconf 87' lang='lat' dir='ltr'><strong>pater</strong></span> <span class='ocrx_word' id='word_1_119' title='bbox 1294 1562 1490 1637; x_wconf 89' lang='lat' dir='ltr'><strong>Benedictus,</strong></span> <span class='ocrx_word' id='word_1_120' title='bbox 1499 1570 1663 1645; x_wconf 87' lang='lat' dir='ltr'><strong>postquam</strong></span> 
     </span>
     <span class='ocr_line' id='line_1_12' title="bbox 111 1655 1664 1745; baseline 0.003 -25"><span class='ocrx_word' id='word_1_121' title='bbox 111 1675 128 1720; x_wconf 94' lang='lat' dir='ltr'><strong>a</strong></span> <span class='ocrx_word' id='word_1_122' title='bbox 151 1656 307 1739; x_wconf 90' lang='lat' dir='ltr'><strong>peccandi</strong></span> <span class='ocrx_word' id='word_1_123' title='bbox 329 1655 461 1720; x_wconf 87' lang='lat' dir='ltr'><strong>audacia</strong></span> <span class='ocrx_word' id='word_1_124' title='bbox 484 1657 698 1732; x_wconf 89' lang='lat' dir='ltr'><strong>retrahuntur,</strong></span> <span class='ocrx_word' id='word_1_125' title='bbox 721 1665 754 1720; x_wconf 90' lang='lat' dir='ltr'><strong>et</strong></span> <span class='ocrx_word' id='word_1_126' title='bbox 776 1677 859 1722; x_wconf 90' lang='lat' dir='ltr'><strong>com·</strong></span> <span class='ocrx_word' id='word_1_127' title='bbox 916 1663 949 1725; x_wconf 93' lang='lat' dir='ltr'><strong>in</strong></span> <span class='ocrx_word' id='word_1_128' title='bbox 965 1662 1084 1744; x_wconf 86' lang='lat' dir='ltr'><strong>llegula</strong></span> <span class='ocrx_word' id='word_1_129' title='bbox 1104 1681 1160 1724; x_wconf 90' lang='lat' dir='ltr'><strong>sue</strong></span> <span class='ocrx_word' id='word_1_130' title='bbox 1175 1661 1333 1745; x_wconf 82' lang='lat' dir='ltr'><strong>expressit</strong></span> <span class='ocrx_word' id='word_1_131' title='bbox 1348 1661 1496 1744; x_wconf 84' lang='lat' dir='ltr'><strong>qualibus</strong></span> <span class='ocrx_word' id='word_1_132' title='bbox 1512 1661 1616 1744; x_wconf 85' lang='lat' dir='ltr'><strong>poenis</strong></span> <span class='ocrx_word' id='word_1_133' title='bbox 1631 1669 1664 1725; x_wconf 90' lang='lat' dir='ltr'><strong>et</strong></span> 
     </span>
     <span class='ocr_line' id='line_1_13' title="bbox 110 1754 1663 1844; baseline 0.003 -26"><span class='ocrx_word' id='word_1_134' title='bbox 110 1755 280 1818; x_wconf 89' lang='lat' dir='ltr'><strong>munitatis</strong></span> <span class='ocrx_word' id='word_1_135' title='bbox 300 1754 395 1818; x_wconf 90' lang='lat' dir='ltr'><strong>saluti</strong></span> <span class='ocrx_word' id='word_1_136' title='bbox 412 1756 615 1838; x_wconf 91' lang='lat' dir='ltr'><strong>prospicitur,</strong></span> <span class='ocrx_word' id='word_1_137' title='bbox 632 1757 860 1840; x_wconf 89' lang='lat' dir='ltr'><strong>communique</strong></span> <span class='ocrx_word' id='word_1_138' title='bbox 916 1762 1002 1844; x_wconf 92' lang='lat' dir='ltr'><strong>quali</strong></span> <span class='ocrx_word' id='word_1_139' title='bbox 1022 1760 1345 1824; x_wconf 84' lang='lat' dir='ltr'><strong>excommunicationi</strong></span> <span class='ocrx_word' id='word_1_140' title='bbox 1365 1759 1478 1823; x_wconf 90' lang='lat' dir='ltr'><strong>debeat</strong></span> <span class='ocrx_word' id='word_1_141' title='bbox 1496 1760 1663 1841; x_wconf 86' lang='lat' dir='ltr'><strong>subjacere</strong></span> 
     </span>
     <span class='ocr_line' id='line_1_14' title="bbox 111 1853 1664 1942; baseline 0.003 -26"><span class='ocrx_word' id='word_1_142' title='bbox 111 1853 184 1936; x_wconf 89' lang='lat' dir='ltr'><strong>paci</strong></span> <span class='ocrx_word' id='word_1_143' title='bbox 207 1853 362 1935; x_wconf 81' lang='lat' dir='ltr'><strong>sagaciter</strong></span> <span class='ocrx_word' id='word_1_144' title='bbox 382 1853 578 1936; x_wconf 88' lang='lat' dir='ltr'><strong>providetur.</strong></span> <span class='ocrx_word' id='word_1_145' title='bbox 876 1857 970 1942; x_wconf 89' lang='lat' dir='ltr'><strong>Bqui</strong></span> <span class='ocrx_word' id='word_1_146' title='bbox 990 1859 1097 1941; x_wconf 91' lang='lat' dir='ltr'><strong>aliqua</strong></span> <span class='ocrx_word' id='word_1_147' title='bbox 1116 1859 1254 1940; x_wconf 78' lang='lat' dir='ltr'><strong>graviori</strong></span> <span class='ocrx_word' id='word_1_148' title='bbox 1274 1859 1369 1941; x_wconf 92' lang='lat' dir='ltr'><strong>culpa</strong></span> <span class='ocrx_word' id='word_1_149' title='bbox 1388 1859 1532 1922; x_wconf 88' lang='lat' dir='ltr'><strong>devictus</strong></span> <span class='ocrx_word' id='word_1_150' title='bbox 1552 1867 1611 1934; x_wconf 90' lang='lat' dir='ltr'><strong>est,</strong></span> <span class='ocrx_word' id='word_1_151' title='bbox 1629 1865 1664 1920; x_wconf 90' lang='lat' dir='ltr'><strong>ut</strong></span> 
     </span>
    </p>

    <p class='ocr_par' dir='ltr' id='par_1_4' title="bbox 150 1951 1660 2040">
     <span class='ocr_line' id='line_1_15' title="bbox 150 1951 1660 2040; baseline 0.003 -26"><span class='ocrx_word' id='word_1_152' title='bbox 150 1952 273 2015; x_wconf 87' lang='lat' dir='ltr'><strong>Deinde</strong></span> <span class='ocrx_word' id='word_1_153' title='bbox 299 1951 358 2014; x_wconf 91' lang='lat' dir='ltr'><strong>ista</strong></span> <span class='ocrx_word' id='word_1_154' title='bbox 382 1959 672 2035; x_wconf 71' lang='lat' dir='ltr'><strong>praeoccupatorum</strong></span> <span class='ocrx_word' id='word_1_155' title='bbox 698 1953 730 2016; x_wconf 90' lang='lat' dir='ltr'><strong>in</strong></span> <span class='ocrx_word' id='word_1_156' title='bbox 754 1953 861 2036; x_wconf 87' lang='lat' dir='ltr'><strong>aliqua</strong></span> <span class='ocrx_word' id='word_1_157' title='bbox 915 1957 1075 2020; x_wconf 91' lang='lat' dir='ltr'><strong>sciliceta</strong></span> <span class='ocrx_word' id='word_1_158' title='bbox 1096 1975 1206 2020; x_wconf 90' lang='lat' dir='ltr'><strong>mensa</strong></span> <span class='ocrx_word' id='word_1_159' title='bbox 1227 1965 1259 2019; x_wconf 90' lang='lat' dir='ltr'><strong>et</strong></span> <span class='ocrx_word' id='word_1_160' title='bbox 1279 1957 1417 2020; x_wconf 90' lang='lat' dir='ltr'><strong>oratorio</strong></span> <span class='ocrx_word' id='word_1_161' title='bbox 1437 1957 1660 2040; x_wconf 88' lang='lat' dir='ltr'><strong>suspendatur,</strong></span> 
     </span>
    </p>

    <p class='ocr_par' dir='ltr' id='par_1_5' title="bbox 97 2050 1807 5383">
     <span class='ocr_line' id='line_1_16' title="bbox 111 2050 1661 2137; baseline 0.003 -25"><span class='ocrx_word' id='word_1_162' title='bbox 111 2050 208 2132; x_wconf 91' lang='lat' dir='ltr'><strong>culpa</strong></span> <span class='ocrx_word' id='word_1_163' title='bbox 229 2050 397 2113; x_wconf 87' lang='lat' dir='ltr'><strong>instructio</strong></span> <span class='ocrx_word' id='word_1_164' title='bbox 411 2051 450 2112; x_wconf 90' lang='lat' dir='ltr'><strong>ad</strong></span> <span class='ocrx_word' id='word_1_165' title='bbox 470 2050 675 2133; x_wconf 71' lang='lat' dir='ltr'><strong>praesidentes</strong></span> <span class='ocrx_word' id='word_1_166' title='bbox 695 2052 860 2134; x_wconf 90' lang='lat' dir='ltr'><strong>potissime</strong></span> <span class='ocrx_word' id='word_1_167' title='bbox 915 2073 975 2119; x_wconf 92' lang='lat' dir='ltr'><strong>nec</strong></span> <span class='ocrx_word' id='word_1_168' title='bbox 993 2055 1110 2137; x_wconf 91' lang='lat' dir='ltr'><strong>aliquis</strong></span> <span class='ocrx_word' id='word_1_169' title='bbox 1125 2055 1269 2118; x_wconf 83' lang='lat' dir='ltr'><strong>Fratrum</strong></span> <span class='ocrx_word' id='word_1_170' title='bbox 1284 2055 1314 2117; x_wconf 92' lang='lat' dir='ltr'><strong>ei</strong></span> <span class='ocrx_word' id='word_1_171' title='bbox 1330 2055 1363 2116; x_wconf 94' lang='lat' dir='ltr'><strong>in</strong></span> <span class='ocrx_word' id='word_1_172' title='bbox 1382 2055 1490 2136; x_wconf 90' lang='lat' dir='ltr'><strong>aliquo</strong></span> <span class='ocrx_word' id='word_1_173' title='bbox 1509 2055 1661 2136; x_wconf 86' lang='lat' dir='ltr'><strong>jungatur</strong></span> 
     </span>
     <span class='ocr_line' id='line_1_17' title="bbox 111 2148 1663 2234; baseline 0.003 -24"><span class='ocrx_word' id='word_1_174' title='bbox 111 2148 261 2230; x_wconf 90' lang='lat' dir='ltr'><strong>pertinet.</strong></span> <span class='ocrx_word' id='word_1_175' title='bbox 288 2149 361 2211; x_wconf 89' lang='lat' dir='ltr'><strong>ldeo</strong></span> <span class='ocrx_word' id='word_1_176' title='bbox 385 2148 561 2230; x_wconf 91' lang='lat' dir='ltr'><strong>spiritualis</strong></span> <span class='ocrx_word' id='word_1_177' title='bbox 585 2157 676 2231; x_wconf 85' lang='lat' dir='ltr'><strong>pater</strong></span> <span class='ocrx_word' id='word_1_178' title='bbox 700 2150 859 2231; x_wconf 82' lang='lat' dir='ltr'><strong>religioso</strong></span> <span class='ocrx_word' id='word_1_179' title='bbox 915 2152 1074 2216; x_wconf 91' lang='lat' dir='ltr'><strong>consortio</strong></span> <span class='ocrx_word' id='word_1_180' title='bbox 1102 2169 1207 2234; x_wconf 91' lang='lat' dir='ltr'><strong>neque</strong></span> <span class='ocrx_word' id='word_1_181' title='bbox 1236 2151 1405 2232; x_wconf 91' lang='lat' dir='ltr'><strong>colloquio,</strong></span> <span class='ocrx_word' id='word_1_182' title='bbox 1431 2151 1546 2214; x_wconf 92' lang='lat' dir='ltr'><strong>deinde</strong></span> <span class='ocrx_word' id='word_1_183' title='bbox 1570 2153 1663 2216; x_wconf 89' lang='lat' dir='ltr'><strong>docet</strong></span> 
     </span>
     <span class='ocr_line' id='line_1_18' title="bbox 110 2246 1660 2334; baseline 0.002 -25"><span class='ocrx_word' id='word_1_184' title='bbox 110 2266 197 2320; x_wconf 91' lang='lat' dir='ltr'><strong>rum,</strong></span> <span class='ocrx_word' id='word_1_185' title='bbox 213 2246 241 2308; x_wconf 91' lang='lat' dir='ltr'><strong>si</strong></span> <span class='ocrx_word' id='word_1_186' title='bbox 260 2246 402 2328; x_wconf 90' lang='lat' dir='ltr'><strong>aliquem</strong></span> <span class='ocrx_word' id='word_1_187' title='bbox 417 2246 534 2309; x_wconf 89' lang='lat' dir='ltr'><strong>viderit</strong></span> <span class='ocrx_word' id='word_1_188' title='bbox 549 2254 659 2310; x_wconf 91' lang='lat' dir='ltr'><strong>contra</strong></span> <span class='ocrx_word' id='word_1_189' title='bbox 677 2265 711 2310; x_wconf 91' lang='lat' dir='ltr'><strong>se</strong></span> <span class='ocrx_word' id='word_1_190' title='bbox 731 2254 786 2310; x_wconf 91' lang='lat' dir='ltr'><strong>aut</strong></span> <span class='ocrx_word' id='word_1_191' title='bbox 803 2247 859 2311; x_wconf 90' lang='lat' dir='ltr'><strong>ali·</strong></span> <span class='ocrx_word' id='word_1_192' title='bbox 916 2252 1052 2334; x_wconf 88' lang='lat' dir='ltr'><strong>qualiter</strong></span> <span class='ocrx_word' id='word_1_193' title='bbox 1073 2250 1250 2332; x_wconf 90' lang='lat' dir='ltr'><strong>spiritualis</strong></span> <span class='ocrx_word' id='word_1_194' title='bbox 1275 2257 1365 2332; x_wconf 89' lang='lat' dir='ltr'><strong>pater</strong></span> <span class='ocrx_word' id='word_1_195' title='bbox 1386 2249 1470 2312; x_wconf 91' lang='lat' dir='ltr'><strong>circa</strong></span> <span class='ocrx_word' id='word_1_196' title='bbox 1495 2268 1660 2332; x_wconf 88' lang='lat' dir='ltr'><strong>recupera-</strong></span> 
     </span>
     <span class='ocr_line' id='line_1_19' title="bbox 110 2346 1659 2427; baseline 0.002 -21"><span class='ocrx_word' id='word_1_197' title='bbox 110 2364 167 2407; x_wconf 93' lang='lat' dir='ltr'><strong>um</strong></span> <span class='ocrx_word' id='word_1_198' title='bbox 190 2363 385 2427; x_wconf 89' lang='lat' dir='ltr'><strong>quemquam</strong></span> <span class='ocrx_word' id='word_1_199' title='bbox 408 2362 478 2408; x_wconf 91' lang='lat' dir='ltr'><strong>esse</strong></span> <span class='ocrx_word' id='word_1_200' title='bbox 498 2351 654 2408; x_wconf 88' lang='lat' dir='ltr'><strong>tentatum</strong></span> <span class='ocrx_word' id='word_1_201' title='bbox 678 2347 784 2409; x_wconf 92' lang='lat' dir='ltr'><strong>autin</strong></span> <span class='ocrx_word' id='word_1_202' title='bbox 804 2347 861 2410; x_wconf 90' lang='lat' dir='ltr'><strong>ali·</strong></span> <span class='ocrx_word' id='word_1_203' title='bbox 915 2349 1034 2413; x_wconf 91' lang='lat' dir='ltr'><strong>tionem</strong></span> <span class='ocrx_word' id='word_1_204' title='bbox 1051 2349 1123 2411; x_wconf 90' lang='lat' dir='ltr'><strong>talis</strong></span> <span class='ocrx_word' id='word_1_205' title='bbox 1140 2348 1256 2410; x_wconf 79' lang='lat' dir='ltr'><strong>Fratris</strong></span> <span class='ocrx_word' id='word_1_206' title='bbox 1276 2346 1391 2410; x_wconf 91' lang='lat' dir='ltr'><strong>debeat</strong></span> <span class='ocrx_word' id='word_1_207' title='bbox 1404 2366 1474 2410; x_wconf 89' lang='lat' dir='ltr'><strong>esse</strong></span> <span class='ocrx_word' id='word_1_208' title='bbox 1493 2347 1659 2420; x_wconf 87' lang='lat' dir='ltr'><strong>sollicitus,</strong></span> 
     </span>
     <span class='ocr_line' id='line_1_20' title="bbox 109 2442 1662 2526; baseline 0.001 -21"><span class='ocrx_word' id='word_1_209' title='bbox 109 2461 209 2525; x_wconf 88' lang='lat' dir='ltr'><strong>quarn</strong></span> <span class='ocrx_word' id='word_1_210' title='bbox 240 2442 367 2525; x_wconf 90' lang='lat' dir='ltr'><strong>culpam</strong></span> <span class='ocrx_word' id='word_1_211' title='bbox 397 2442 572 2506; x_wconf 88' lang='lat' dir='ltr'><strong>notabilem</strong></span> <span class='ocrx_word' id='word_1_212' title='bbox 602 2443 739 2526; x_wconf 86' lang='lat' dir='ltr'><strong>lapsum,</strong></span> <span class='ocrx_word' id='word_1_213' title='bbox 764 2444 860 2508; x_wconf 91' lang='lat' dir='ltr'><strong>debet</strong></span> <span class='ocrx_word' id='word_1_214' title='bbox 914 2447 1024 2510; x_wconf 91' lang='lat' dir='ltr'><strong>dicens</strong></span> <span class='ocrx_word' id='word_1_215' title='bbox 1051 2465 1057 2508; x_wconf 95' lang='lat'><strong>:</strong></span> <span class='ocrx_word' id='word_1_216' title='bbox 1083 2446 1176 2510; x_wconf 90' lang='lat' dir='ltr'><strong>Omni</strong></span> <span class='ocrx_word' id='word_1_217' title='bbox 1206 2445 1424 2510; x_wconf 89' lang='lat' dir='ltr'><strong>sollicitudine</strong></span> <span class='ocrx_word' id='word_1_218' title='bbox 1453 2464 1562 2509; x_wconf 88' lang='lat' dir='ltr'><strong>curem</strong></span> <span class='ocrx_word' id='word_1_219' title='bbox 1591 2452 1662 2526; x_wconf 87' lang='lat' dir='ltr'><strong>agat</strong></span> 
     </span>
     <span class='ocr_line' id='line_1_21' title="bbox 109 2541 1807 2626; baseline 0.002 -22"><span class='ocrx_word' id='word_1_220' title='bbox 109 2541 249 2605; x_wconf 91' lang='lat' dir='ltr'><strong>celerius</strong></span> <span class='ocrx_word' id='word_1_221' title='bbox 272 2558 336 2624; x_wconf 94' lang='lat' dir='ltr'><strong>quo</strong></span> <span class='ocrx_word' id='word_1_222' title='bbox 360 2541 477 2623; x_wconf 91' lang='lat' dir='ltr'><strong>poterit</strong></span> <span class='ocrx_word' id='word_1_223' title='bbox 499 2549 654 2606; x_wconf 87' lang='lat' dir='ltr'><strong>tentatum</strong></span> <span class='ocrx_word' id='word_1_224' title='bbox 686 2542 777 2606; x_wconf 92' lang='lat' dir='ltr'><strong>illum</strong></span> <span class='ocrx_word' id='word_1_225' title='bbox 806 2544 859 2625; x_wconf 93' lang='lat' dir='ltr'><strong>pie</strong></span> <span class='ocrx_word' id='word_1_226' title='bbox 914 2544 1011 2608; x_wconf 89' lang='lat' dir='ltr'><strong>abbas</strong></span> <span class='ocrx_word' id='word_1_227' title='bbox 1027 2545 1111 2607; x_wconf 90' lang='lat' dir='ltr'><strong>circa</strong></span> <span class='ocrx_word' id='word_1_228' title='bbox 1126 2545 1247 2610; x_wconf 86' lang='lat' dir='ltr'><strong>Fratres</strong></span> <span class='ocrx_word' id='word_1_229' title='bbox 1263 2543 1495 2626; x_wconf 89' lang='lat' dir='ltr'><strong>delinquentes,</strong></span> <span class='ocrx_word' id='word_1_230' title='bbox 1510 2543 1660 2624; x_wconf 88' lang='lat' dir='ltr'><strong>quianon</strong></span> <span class='ocrx_word' id='word_1_231' title='bbox 1683 2564 1807 2618; x_wconf 60' lang='lat' dir='ltr'><strong>ualeam,</strong></span> 
     </span>
     <span class='ocr_line' id='line_1_22' title="bbox 108 2629 1709 2724; baseline 0.001 -22"><span class='ocrx_word' id='word_1_232' title='bbox 108 2640 273 2714; x_wconf 88' lang='lat' dir='ltr'><strong>accedere,</strong></span> <span class='ocrx_word' id='word_1_233' title='bbox 295 2646 459 2703; x_wconf 89' lang='lat' dir='ltr'><strong>mansuete</strong></span> <span class='ocrx_word' id='word_1_234' title='bbox 483 2640 651 2714; x_wconf 89' lang='lat' dir='ltr'><strong>instruere,</strong></span> <span class='ocrx_word' id='word_1_235' title='bbox 672 2641 711 2703; x_wconf 89' lang='lat' dir='ltr'><strong>ad</strong></span> <span class='ocrx_word' id='word_1_236' title='bbox 732 2641 858 2704; x_wconf 89' lang='lat' dir='ltr'><strong>virtutis</strong></span> <span class='ocrx_word' id='word_1_237' title='bbox 914 2651 962 2706; x_wconf 90' lang='lat' dir='ltr'><strong>est</strong></span> <span class='ocrx_word' id='word_1_238' title='bbox 982 2661 1061 2724; x_wconf 92' lang='lat' dir='ltr'><strong>opus</strong></span> <span class='ocrx_word' id='word_1_239' title='bbox 1081 2642 1166 2704; x_wconf 89' lang='lat' dir='ltr'><strong>senis</strong></span> <span class='ocrx_word' id='word_1_240' title='bbox 1189 2643 1344 2717; x_wconf 91' lang='lat' dir='ltr'><strong>medicus,</strong></span> <span class='ocrx_word' id='word_1_241' title='bbox 1367 2643 1422 2704; x_wconf 87' lang='lat' dir='ltr'><strong>sed</strong></span> <span class='ocrx_word' id='word_1_242' title='bbox 1444 2642 1526 2704; x_wconf 92' lang='lat' dir='ltr'><strong>male</strong></span> <span class='ocrx_word' id='word_1_243' title='bbox 1545 2641 1662 2704; x_wconf 86' lang='lat' dir='ltr'><strong>haben·</strong></span> <span class='ocrx_word' id='word_1_244' title='bbox 1678 2629 1709 2669; x_wconf 80' lang='lat'><strong>¹²·</strong></span> 
     </span>
     <span class='ocr_line' id='line_1_23' title="bbox 107 2739 1661 2824; baseline -0.002 -21"><span class='ocrx_word' id='word_1_245' title='bbox 107 2741 197 2803; x_wconf 88' lang='lat' dir='ltr'><strong>viam</strong></span> <span class='ocrx_word' id='word_1_246' title='bbox 217 2741 379 2804; x_wconf 88' lang='lat' dir='ltr'><strong>reducere.</strong></span> <span class='ocrx_word' id='word_1_247' title='bbox 397 2741 435 2802; x_wconf 88' lang='lat' dir='ltr'><strong>Et</strong></span> <span class='ocrx_word' id='word_1_248' title='bbox 449 2741 477 2802; x_wconf 92' lang='lat' dir='ltr'><strong>si</strong></span> <span class='ocrx_word' id='word_1_249' title='bbox 491 2740 608 2803; x_wconf 88' lang='lat' dir='ltr'><strong>viderit</strong></span> <span class='ocrx_word' id='word_1_250' title='bbox 628 2741 789 2824; x_wconf 84' lang='lat' dir='ltr'><strong>expedire,</strong></span> <span class='ocrx_word' id='word_1_251' title='bbox 806 2759 860 2824; x_wconf 94' lang='lat' dir='ltr'><strong>po-</strong></span> <span class='ocrx_word' id='word_1_252' title='bbox 914 2741 1010 2803; x_wconf 93' lang='lat' dir='ltr'><strong>tibus.</strong></span> <span class='ocrx_word' id='word_1_253' title='bbox 1037 2741 1110 2803; x_wconf 92' lang='lat' dir='ltr'><strong>ldeo</strong></span> <span class='ocrx_word' id='word_1_254' title='bbox 1140 2741 1312 2822; x_wconf 89' lang='lat' dir='ltr'><strong>procedere</strong></span> <span class='ocrx_word' id='word_1_255' title='bbox 1341 2739 1437 2803; x_wconf 88' lang='lat' dir='ltr'><strong>debet</strong></span> <span class='ocrx_word' id='word_1_256' title='bbox 1465 2741 1596 2803; x_wconf 91' lang='lat' dir='ltr'><strong>omnino</strong></span> <span class='ocrx_word' id='word_1_257' title='bbox 1626 2744 1661 2800; x_wconf 94' lang='lat' dir='ltr'><strong>ut</strong></span> 
     </span>
     <span class='ocr_line' id='line_1_24' title="bbox 107 2837 1661 2922; baseline -0.001 -22"><span class='ocrx_word' id='word_1_258' title='bbox 107 2846 172 2902; x_wconf 87' lang='lat' dir='ltr'><strong>test</strong></span> <span class='ocrx_word' id='word_1_259' title='bbox 197 2838 338 2920; x_wconf 90' lang='lat' dir='ltr'><strong>aliquem</strong></span> <span class='ocrx_word' id='word_1_260' title='bbox 362 2857 401 2901; x_wconf 83' lang='lat' dir='ltr'><strong>ex</strong></span> <span class='ocrx_word' id='word_1_261' title='bbox 425 2838 588 2901; x_wconf 84' lang='lat' dir='ltr'><strong>Fratribus</strong></span> <span class='ocrx_word' id='word_1_262' title='bbox 613 2839 717 2902; x_wconf 92' lang='lat' dir='ltr'><strong>virum</strong></span> <span class='ocrx_word' id='word_1_263' title='bbox 741 2840 859 2902; x_wconf 90' lang='lat' dir='ltr'><strong>disore-</strong></span> <span class='ocrx_word' id='word_1_264' title='bbox 914 2840 1040 2922; x_wconf 90' lang='lat' dir='ltr'><strong>sapiens</strong></span> <span class='ocrx_word' id='word_1_265' title='bbox 1061 2839 1215 2912; x_wconf 89' lang='lat' dir='ltr'><strong>medicus,</strong></span> <span class='ocrx_word' id='word_1_266' title='bbox 1233 2838 1435 2901; x_wconf 87' lang='lat' dir='ltr'><strong>immittendo</strong></span> <span class='ocrx_word' id='word_1_267' title='bbox 1449 2838 1540 2920; x_wconf 90' lang='lat' dir='ltr'><strong>quasi</strong></span> <span class='ocrx_word' id='word_1_268' title='bbox 1556 2837 1661 2901; x_wconf 91' lang='lat' dir='ltr'><strong>occul-</strong></span> 
     </span>
     <span class='ocr_line' id='line_1_25' title="bbox 107 2935 1800 3018; baseline 0.002 -19"><span class='ocrx_word' id='word_1_269' title='bbox 107 2945 180 2999; x_wconf 92' lang='lat' dir='ltr'><strong>tum</strong></span> <span class='ocrx_word' id='word_1_270' title='bbox 195 2945 228 2998; x_wconf 91' lang='lat' dir='ltr'><strong>et</strong></span> <span class='ocrx_word' id='word_1_271' title='bbox 241 2937 425 2999; x_wconf 87' lang='lat' dir='ltr'><strong>timoratum</strong></span> <span class='ocrx_word' id='word_1_272' title='bbox 447 2937 572 3000; x_wconf 88' lang='lat' dir='ltr'><strong>mittere</strong></span> <span class='ocrx_word' id='word_1_273' title='bbox 586 2937 626 2998; x_wconf 90' lang='lat' dir='ltr'><strong>ad</strong></span> <span class='ocrx_word' id='word_1_274' title='bbox 641 2945 798 3001; x_wconf 90' lang='lat' dir='ltr'><strong>tentatum</strong></span> <span class='ocrx_word' id='word_1_275' title='bbox 812 2940 858 3001; x_wconf 91' lang='lat' dir='ltr'><strong>sio</strong></span> <span class='ocrx_word' id='word_1_276' title='bbox 912 2946 961 3000; x_wconf 92' lang='lat' dir='ltr'><strong>tos</strong></span> <span class='ocrx_word' id='word_1_277' title='bbox 979 2937 1191 3001; x_wconf 89' lang='lat' dir='ltr'><strong>consolatores</strong></span> <span class='ocrx_word' id='word_1_278' title='bbox 1206 2935 1481 3018; x_wconf 81' lang='lat' dir='ltr'><strong>senipectas*,boc</strong></span> <span class='ocrx_word' id='word_1_279' title='bbox 1496 2943 1543 2998; x_wconf 93' lang='lat' dir='ltr'><strong>est</strong></span> <span class='ocrx_word' id='word_1_280' title='bbox 1558 2936 1660 2998; x_wconf 92' lang='lat' dir='ltr'><strong>senio·</strong></span> <span class='ocrx_word' id='word_1_281' title='bbox 1689 2949 1697 2968; x_wconf 92' lang='lat'><strong>·</strong></span> <span class='ocrx_word' id='word_1_282' title='bbox 1712 2959 1800 3002; x_wconf 68' lang='lat' dir='ltr'><strong>uuo·r</strong></span> 
     </span>
     <span class='ocr_line' id='line_1_26' title="bbox 108 3013 1720 3118; baseline -0.002 -20"><span class='ocrx_word' id='word_1_283' title='bbox 108 3035 354 3114; x_wconf 84' lang='lat' dir='ltr'><strong>instruendum3</strong></span> <span class='ocrx_word' id='word_1_284' title='bbox 375 3042 407 3097; x_wconf 90' lang='lat' dir='ltr'><strong>et</strong></span> <span class='ocrx_word' id='word_1_285' title='bbox 429 3035 482 3098; x_wconf 93' lang='lat' dir='ltr'><strong>ille</strong></span> <span class='ocrx_word' id='word_1_286' title='bbox 507 3035 614 3098; x_wconf 83' lang='lat' dir='ltr'><strong>Frater</strong></span> <span class='ocrx_word' id='word_1_287' title='bbox 638 3037 677 3098; x_wconf 94' lang='lat' dir='ltr'><strong>ad</strong></span> <span class='ocrx_word' id='word_1_288' title='bbox 702 3044 858 3099; x_wconf 88' lang='lat' dir='ltr'><strong>tentatum</strong></span> <span class='ocrx_word' id='word_1_289' title='bbox 874 3039 896 3103; x_wconf 84' lang='lat' dir='ltr'><strong>(l</strong></span> <span class='ocrx_word' id='word_1_290' title='bbox 915 3055 965 3098; x_wconf 90' lang='lat' dir='ltr'><strong>res</strong></span> <span class='ocrx_word' id='word_1_291' title='bbox 993 3035 1152 3118; x_wconf 88' lang='lat' dir='ltr'><strong>sapientes</strong></span> <span class='ocrx_word' id='word_1_292' title='bbox 1177 3034 1309 3108; x_wconf 91' lang='lat' dir='ltr'><strong>Fratres,</strong></span> <span class='ocrx_word' id='word_1_293' title='bbox 1335 3034 1391 3116; x_wconf 93' lang='lat' dir='ltr'><strong>qui</strong></span> <span class='ocrx_word' id='word_1_294' title='bbox 1419 3033 1511 3116; x_wconf 86' lang='lat' dir='ltr'><strong>quasi</strong></span> <span class='ocrx_word' id='word_1_295' title='bbox 1540 3013 1720 3096; x_wconf 71' lang='lat' dir='ltr'><strong>secrete⁰¹⁸⁸</strong></span> 
     </span>
     <span class='ocr_line' id='line_1_27' title="bbox 107 3131 1659 3214; baseline -0.001 -18"><span class='ocrx_word' id='word_1_296' title='bbox 107 3135 264 3208; x_wconf 89' lang='lat' dir='ltr'><strong>directus,</strong></span> <span class='ocrx_word' id='word_1_297' title='bbox 281 3134 420 3198; x_wconf 90' lang='lat' dir='ltr'><strong>fideliter</strong></span> <span class='ocrx_word' id='word_1_298' title='bbox 434 3143 466 3198; x_wconf 91' lang='lat' dir='ltr'><strong>et</strong></span> <span class='ocrx_word' id='word_1_299' title='bbox 480 3135 616 3198; x_wconf 89' lang='lat' dir='ltr'><strong>discrete</strong></span> <span class='ocrx_word' id='word_1_300' title='bbox 634 3154 667 3198; x_wconf 90' lang='lat' dir='ltr'><strong>se</strong></span> <span class='ocrx_word' id='word_1_301' title='bbox 682 3135 805 3213; x_wconf 87' lang='lat' dir='ltr'><strong>habeat,</strong></span> <span class='ocrx_word' id='word_1_302' title='bbox 822 3157 859 3200; x_wconf 92' lang='lat' dir='ltr'><strong>ea</strong></span> <span class='ocrx_word' id='word_1_303' title='bbox 914 3134 1118 3198; x_wconf 91' lang='lat' dir='ltr'><strong>consolentur</strong></span> <span class='ocrx_word' id='word_1_304' title='bbox 1137 3134 1278 3195; x_wconf 88' lang='lat' dir='ltr'><strong>Fratrem</strong></span> <span class='ocrx_word' id='word_1_305' title='bbox 1300 3131 1522 3206; x_wconf 82' lang='lat' dir='ltr'><strong>fluctuantem,</strong></span> <span class='ocrx_word' id='word_1_306' title='bbox 1539 3139 1571 3194; x_wconf 90' lang='lat' dir='ltr'><strong>et</strong></span> <span class='ocrx_word' id='word_1_307' title='bbox 1590 3149 1659 3214; x_wconf 90' lang='lat' dir='ltr'><strong>pro-</strong></span> 
     </span>
     <span class='ocr_line' id='line_1_28' title="bbox 107 3230 1657 3317; baseline -0.003 -20"><span class='ocrx_word' id='word_1_308' title='bbox 107 3234 278 3297; x_wconf 82' lang='lat' dir='ltr'><strong>dumtaxat</strong></span> <span class='ocrx_word' id='word_1_309' title='bbox 296 3234 456 3316; x_wconf 93' lang='lat' dir='ltr'><strong>loquendo</strong></span> <span class='ocrx_word' id='word_1_310' title='bbox 470 3254 541 3317; x_wconf 84' lang='lat' dir='ltr'><strong>quae</strong></span> <span class='ocrx_word' id='word_1_311' title='bbox 556 3236 595 3297; x_wconf 88' lang='lat' dir='ltr'><strong>ad</strong></span> <span class='ocrx_word' id='word_1_312' title='bbox 610 3237 793 3299; x_wconf 89' lang='lat' dir='ltr'><strong>tentationis</strong></span> <span class='ocrx_word' id='word_1_313' title='bbox 813 3256 859 3299; x_wconf 89' lang='lat' dir='ltr'><strong>se·</strong></span> <span class='ocrx_word' id='word_1_314' title='bbox 914 3240 1029 3296; x_wconf 89' lang='lat' dir='ltr'><strong>vocent</strong></span> <span class='ocrx_word' id='word_1_315' title='bbox 1042 3251 1117 3295; x_wconf 90' lang='lat' dir='ltr'><strong>eum</strong></span> <span class='ocrx_word' id='word_1_316' title='bbox 1133 3233 1171 3294; x_wconf 88' lang='lat' dir='ltr'><strong>ad</strong></span> <span class='ocrx_word' id='word_1_317' title='bbox 1187 3230 1378 3292; x_wconf 88' lang='lat' dir='ltr'><strong>humilitatis</strong></span> <span class='ocrx_word' id='word_1_318' title='bbox 1398 3230 1657 3304; x_wconf 86' lang='lat' dir='ltr'><strong>satisfactionem,</strong></span> 
     </span>
     <span class='ocr_line' id='line_1_29' title="bbox 107 3327 1807 3416; baseline -0.007 -21"><span class='ocrx_word' id='word_1_319' title='bbox 107 3333 274 3396; x_wconf 87' lang='lat' dir='ltr'><strong>dationem</strong></span> <span class='ocrx_word' id='word_1_320' title='bbox 299 3340 330 3394; x_wconf 89' lang='lat' dir='ltr'><strong>et</strong></span> <span class='ocrx_word' id='word_1_321' title='bbox 353 3332 470 3395; x_wconf 89' lang='lat' dir='ltr'><strong>Fratris</strong></span> <span class='ocrx_word' id='word_1_322' title='bbox 500 3332 696 3396; x_wconf 89' lang='lat' dir='ltr'><strong>curationem</strong></span> <span class='ocrx_word' id='word_1_323' title='bbox 726 3341 860 3416; x_wconf 89' lang='lat' dir='ltr'><strong>possunt</strong></span> <span class='ocrx_word' id='word_1_324' title='bbox 915 3331 1182 3410; x_wconf 90' lang='lat' dir='ltr'><strong>consolenturque</strong></span> <span class='ocrx_word' id='word_1_325' title='bbox 1202 3346 1288 3403; x_wconf 90' lang='lat' dir='ltr'><strong>eum,</strong></span> <span class='ocrx_word' id='word_1_326' title='bbox 1304 3347 1344 3390; x_wconf 91' lang='lat' dir='ltr'><strong>ne</strong></span> <span class='ocrx_word' id='word_1_327' title='bbox 1362 3327 1586 3391; x_wconf 88' lang='lat' dir='ltr'><strong>abundantiori</strong></span> <span class='ocrx_word' id='word_1_328' title='bbox 1606 3328 1659 3391; x_wconf 87' lang='lat' dir='ltr'><strong>ab·</strong></span> <span class='ocrx_word' id='word_1_329' title='bbox 1675 3342 1807 3394; x_wconf 57' lang='lat' dir='ltr'><strong>treucas,</strong></span> 
     </span>
     <span class='ocr_line' id='line_1_30' title="bbox 107 3409 1695 3514; baseline -0.001 -22"><span class='ocrx_word' id='word_1_330' title='bbox 107 3431 268 3494; x_wconf 89' lang='lat' dir='ltr'><strong>conferre.</strong></span> <span class='ocrx_word' id='word_1_331' title='bbox 286 3430 373 3505; x_wconf 83' lang='lat' dir='ltr'><strong>Quod</strong></span> <span class='ocrx_word' id='word_1_332' title='bbox 393 3431 421 3493; x_wconf 95' lang='lat' dir='ltr'><strong>si</strong></span> <span class='ocrx_word' id='word_1_333' title='bbox 439 3431 521 3494; x_wconf 88' lang='lat' dir='ltr'><strong>forte</strong></span> <span class='ocrx_word' id='word_1_334' title='bbox 537 3431 620 3494; x_wconf 90' lang='lat' dir='ltr'><strong>iuter</strong></span> <span class='ocrx_word' id='word_1_335' title='bbox 637 3433 858 3514; x_wconf 79' lang='lat' dir='ltr'><strong>presidentem</strong></span> <span class='ocrx_word' id='word_1_336' title='bbox 914 3429 1079 3492; x_wconf 91' lang='lat' dir='ltr'><strong>sorbeatur</strong></span> <span class='ocrx_word' id='word_1_337' title='bbox 1097 3427 1237 3502; x_wconf 90' lang='lat' dir='ltr'><strong>tristitia,</strong></span> <span class='ocrx_word' id='word_1_338' title='bbox 1255 3427 1309 3490; x_wconf 93' lang='lat' dir='ltr'><strong>sed</strong></span> <span class='ocrx_word' id='word_1_339' title='bbox 1332 3425 1541 3489; x_wconf 82' lang='lat' dir='ltr'><strong>confirmetur</strong></span> <span class='ocrx_word' id='word_1_340' title='bbox 1566 3427 1598 3488; x_wconf 95' lang='lat' dir='ltr'><strong>in</strong></span> <span class='ocrx_word' id='word_1_341' title='bbox 1622 3445 1660 3490; x_wconf 92' lang='lat' dir='ltr'><strong>eo</strong></span> <span class='ocrx_word' id='word_1_342' title='bbox 1674 3409 1695 3450; x_wconf 79' lang='lat'><strong>⁸&#39;</strong></span> 
     </span>
     <span class='ocr_line' id='line_1_31' title="bbox 106 3524 1660 3608; baseline -0.004 -16"><span class='ocrx_word' id='word_1_343' title='bbox 106 3538 139 3592; x_wconf 89' lang='lat' dir='ltr'><strong>et</strong></span> <span class='ocrx_word' id='word_1_344' title='bbox 165 3530 309 3592; x_wconf 88' lang='lat' dir='ltr'><strong>Fratrem</strong></span> <span class='ocrx_word' id='word_1_345' title='bbox 339 3537 495 3596; x_wconf 85' lang='lat' dir='ltr'><strong>tentatum</strong></span> <span class='ocrx_word' id='word_1_346' title='bbox 520 3548 616 3592; x_wconf 87' lang='lat' dir='ltr'><strong>causa</strong></span> <span class='ocrx_word' id='word_1_347' title='bbox 639 3537 790 3604; x_wconf 86' lang='lat' dir='ltr'><strong>vertatur,</strong></span> <span class='ocrx_word' id='word_1_348' title='bbox 817 3530 859 3593; x_wconf 91' lang='lat' dir='ltr'><strong>ita</strong></span> <span class='ocrx_word' id='word_1_349' title='bbox 915 3527 1040 3601; x_wconf 87' lang='lat' dir='ltr'><strong>caritas,</strong></span> <span class='ocrx_word' id='word_1_350' title='bbox 1057 3533 1088 3588; x_wconf 90' lang='lat' dir='ltr'><strong>et</strong></span> <span class='ocrx_word' id='word_1_351' title='bbox 1103 3533 1211 3588; x_wconf 90' lang='lat' dir='ltr'><strong>oretur</strong></span> <span class='ocrx_word' id='word_1_352' title='bbox 1231 3544 1288 3608; x_wconf 91' lang='lat' dir='ltr'><strong>pro</strong></span> <span class='ocrx_word' id='word_1_353' title='bbox 1307 3542 1345 3588; x_wconf 91' lang='lat' dir='ltr'><strong>eo</strong></span> <span class='ocrx_word' id='word_1_354' title='bbox 1365 3525 1405 3588; x_wconf 90' lang='lat' dir='ltr'><strong>ab</strong></span> <span class='ocrx_word' id='word_1_355' title='bbox 1422 3524 1582 3589; x_wconf 87' lang='lat' dir='ltr'><strong>omnibus.</strong></span> <span class='ocrx_word' id='word_1_356' title='bbox 1600 3525 1660 3588; x_wconf 88' lang='lat' dir='ltr'><strong>lle-</strong></span> 
     </span>
     <span class='ocr_line' id='line_1_32' title="bbox 105 3623 1659 3712; baseline -0.003 -22"><span class='ocrx_word' id='word_1_357' title='bbox 105 3629 195 3709; x_wconf 92' lang='lat' dir='ltr'><strong>quod</strong></span> <span class='ocrx_word' id='word_1_358' title='bbox 210 3635 277 3690; x_wconf 84' lang='lat' dir='ltr'><strong>tam</strong></span> <span class='ocrx_word' id='word_1_359' title='bbox 298 3627 471 3709; x_wconf 76' lang='lat' dir='ltr'><strong>presidens</strong></span> <span class='ocrx_word' id='word_1_360' title='bbox 486 3646 582 3709; x_wconf 89' lang='lat' dir='ltr'><strong>quam</strong></span> <span class='ocrx_word' id='word_1_361' title='bbox 598 3634 735 3690; x_wconf 90' lang='lat' dir='ltr'><strong>tentatus</strong></span> <span class='ocrx_word' id='word_1_362' title='bbox 753 3629 860 3712; x_wconf 91' lang='lat' dir='ltr'><strong>aliqua</strong></span> <span class='ocrx_word' id='word_1_363' title='bbox 913 3643 1054 3706; x_wconf 88' lang='lat' dir='ltr'><strong>gnopere</strong></span> <span class='ocrx_word' id='word_1_364' title='bbox 1069 3626 1155 3687; x_wconf 90' lang='lat' dir='ltr'><strong>enim</strong></span> <span class='ocrx_word' id='word_1_365' title='bbox 1171 3623 1265 3686; x_wconf 91' lang='lat' dir='ltr'><strong>debet</strong></span> <span class='ocrx_word' id='word_1_366' title='bbox 1279 3623 1529 3687; x_wconf 91' lang='lat' dir='ltr'><strong>sollicitudiuem</strong></span> <span class='ocrx_word' id='word_1_367' title='bbox 1550 3641 1659 3705; x_wconf 79' lang='lat' dir='ltr'><strong>gerere</strong></span> 
     </span>
     <span class='ocr_line' id='line_1_33' title="bbox 103 3722 1660 3803; baseline -0.004 -14"><span class='ocrx_word' id='word_1_368' title='bbox 103 3727 188 3789; x_wconf 89' lang='lat' dir='ltr'><strong>dura</strong></span> <span class='ocrx_word' id='word_1_369' title='bbox 207 3726 249 3788; x_wconf 91' lang='lat' dir='ltr'><strong>de</strong></span> <span class='ocrx_word' id='word_1_370' title='bbox 268 3743 302 3788; x_wconf 93' lang='lat' dir='ltr'><strong>se</strong></span> <span class='ocrx_word' id='word_1_371' title='bbox 324 3725 462 3788; x_wconf 88' lang='lat' dir='ltr'><strong>invicem</strong></span> <span class='ocrx_word' id='word_1_372' title='bbox 484 3725 524 3786; x_wconf 92' lang='lat' dir='ltr'><strong>ad</strong></span> <span class='ocrx_word' id='word_1_373' title='bbox 545 3725 685 3788; x_wconf 90' lang='lat' dir='ltr'><strong>Fratrem</strong></span> <span class='ocrx_word' id='word_1_374' title='bbox 710 3725 859 3789; x_wconf 86' lang='lat' dir='ltr'><strong>interme·</strong></span> <span class='ocrx_word' id='word_1_375' title='bbox 914 3723 1011 3786; x_wconf 87' lang='lat' dir='ltr'><strong>abbas</strong></span> <span class='ocrx_word' id='word_1_376' title='bbox 1029 3731 1060 3784; x_wconf 87' lang='lat' dir='ltr'><strong>et</strong></span> <span class='ocrx_word' id='word_1_377' title='bbox 1079 3723 1166 3785; x_wconf 90' lang='lat' dir='ltr'><strong>omni</strong></span> <span class='ocrx_word' id='word_1_378' title='bbox 1189 3722 1344 3784; x_wconf 91' lang='lat' dir='ltr'><strong>industria</strong></span> <span class='ocrx_word' id='word_1_379' title='bbox 1363 3741 1400 3784; x_wconf 91' lang='lat' dir='ltr'><strong>ac</strong></span> <span class='ocrx_word' id='word_1_380' title='bbox 1420 3722 1589 3803; x_wconf 86' lang='lat' dir='ltr'><strong>sagacitate</strong></span> <span class='ocrx_word' id='word_1_381' title='bbox 1608 3741 1660 3783; x_wconf 92' lang='lat' dir='ltr'><strong>cu·</strong></span> 
     </span>
     <span class='ocr_line' id='line_1_34' title="bbox 103 3819 1659 3906; baseline -0.004 -19"><span class='ocrx_word' id='word_1_382' title='bbox 103 3825 252 3887; x_wconf 84' lang='lat' dir='ltr'><strong>dientem</strong></span> <span class='ocrx_word' id='word_1_383' title='bbox 273 3823 453 3906; x_wconf 88' lang='lat' dir='ltr'><strong>loquantur,</strong></span> <span class='ocrx_word' id='word_1_384' title='bbox 470 3841 535 3886; x_wconf 93' lang='lat' dir='ltr'><strong>non</strong></span> <span class='ocrx_word' id='word_1_385' title='bbox 556 3831 681 3906; x_wconf 91' lang='lat' dir='ltr'><strong>oportet</strong></span> <span class='ocrx_word' id='word_1_386' title='bbox 699 3831 734 3885; x_wconf 94' lang='lat' dir='ltr'><strong>ut</strong></span> <span class='ocrx_word' id='word_1_387' title='bbox 754 3825 860 3887; x_wconf 91' lang='lat' dir='ltr'><strong>Frater</strong></span> <span class='ocrx_word' id='word_1_388' title='bbox 914 3840 994 3896; x_wconf 88' lang='lat' dir='ltr'><strong>raro,</strong></span> <span class='ocrx_word' id='word_1_389' title='bbox 1019 3841 1058 3884; x_wconf 91' lang='lat' dir='ltr'><strong>ne</strong></span> <span class='ocrx_word' id='word_1_390' title='bbox 1081 3820 1222 3902; x_wconf 87' lang='lat' dir='ltr'><strong>aliquam</strong></span> <span class='ocrx_word' id='word_1_391' title='bbox 1247 3821 1286 3882; x_wconf 90' lang='lat' dir='ltr'><strong>de</strong></span> <span class='ocrx_word' id='word_1_392' title='bbox 1308 3820 1423 3884; x_wconf 87' lang='lat' dir='ltr'><strong>ovibus</strong></span> <span class='ocrx_word' id='word_1_393' title='bbox 1447 3819 1509 3882; x_wconf 93' lang='lat' dir='ltr'><strong>sibi</strong></span> <span class='ocrx_word' id='word_1_394' title='bbox 1532 3819 1659 3882; x_wconf 89' lang='lat' dir='ltr'><strong>creditis</strong></span> 
     </span>
     <span class='ocr_line' id='line_1_35' title="bbox 104 3918 1661 4004; baseline -0.004 -18"><span class='ocrx_word' id='word_1_395' title='bbox 104 3923 160 3986; x_wconf 90' lang='lat' dir='ltr'><strong>ille</strong></span> <span class='ocrx_word' id='word_1_396' title='bbox 185 3921 332 3984; x_wconf 86' lang='lat' dir='ltr'><strong>medians</strong></span> <span class='ocrx_word' id='word_1_397' title='bbox 354 3929 461 3983; x_wconf 90' lang='lat' dir='ltr'><strong>narret</strong></span> <span class='ocrx_word' id='word_1_398' title='bbox 481 3920 638 3984; x_wconf 91' lang='lat' dir='ltr'><strong>ambobus</strong></span> <span class='ocrx_word' id='word_1_399' title='bbox 665 3922 802 4004; x_wconf 91' lang='lat' dir='ltr'><strong>quidde</strong></span> <span class='ocrx_word' id='word_1_400' title='bbox 825 3942 858 3986; x_wconf 91' lang='lat' dir='ltr'><strong>se</strong></span> <span class='ocrx_word' id='word_1_401' title='bbox 915 3921 1033 4002; x_wconf 88' lang='lat' dir='ltr'><strong>perdat.</strong></span> <span class='ocrx_word' id='word_1_402' title='bbox 1056 3918 1186 3982; x_wconf 84' lang='lat' dir='ltr'><strong>Noverit</strong></span> <span class='ocrx_word' id='word_1_403' title='bbox 1204 3919 1292 3981; x_wconf 91' lang='lat' dir='ltr'><strong>euim</strong></span> <span class='ocrx_word' id='word_1_404' title='bbox 1316 3937 1350 3981; x_wconf 90' lang='lat' dir='ltr'><strong>se</strong></span> <span class='ocrx_word' id='word_1_405' title='bbox 1371 3918 1574 3981; x_wconf 91' lang='lat' dir='ltr'><strong>infirmarum</strong></span> <span class='ocrx_word' id='word_1_406' title='bbox 1592 3937 1661 3979; x_wconf 91' lang='lat' dir='ltr'><strong>sus·</strong></span> 
     </span>
     <span class='ocr_line' id='line_1_36' title="bbox 103 4016 1660 4102; baseline -0.005 -17"><span class='ocrx_word' id='word_1_407' title='bbox 103 4021 251 4084; x_wconf 89' lang='lat' dir='ltr'><strong>invicem</strong></span> <span class='ocrx_word' id='word_1_408' title='bbox 275 4026 350 4083; x_wconf 90' lang='lat' dir='ltr'><strong>suut</strong></span> <span class='ocrx_word' id='word_1_409' title='bbox 372 4020 480 4093; x_wconf 92' lang='lat' dir='ltr'><strong>locuti,</strong></span> <span class='ocrx_word' id='word_1_410' title='bbox 503 4019 577 4102; x_wconf 92' lang='lat' dir='ltr'><strong>quia</strong></span> <span class='ocrx_word' id='word_1_411' title='bbox 600 4038 657 4102; x_wconf 88' lang='lat' dir='ltr'><strong>per</strong></span> <span class='ocrx_word' id='word_1_412' title='bbox 677 4021 737 4083; x_wconf 92' lang='lat' dir='ltr'><strong>hoc</strong></span> <span class='ocrx_word' id='word_1_413' title='bbox 763 4021 858 4084; x_wconf 93' lang='lat' dir='ltr'><strong>inter·</strong></span> <span class='ocrx_word' id='word_1_414' title='bbox 914 4020 1037 4101; x_wconf 89' lang='lat' dir='ltr'><strong>cepisse</strong></span> <span class='ocrx_word' id='word_1_415' title='bbox 1053 4037 1161 4081; x_wconf 87' lang='lat' dir='ltr'><strong>curem</strong></span> <span class='ocrx_word' id='word_1_416' title='bbox 1182 4018 1372 4092; x_wconf 88' lang='lat' dir='ltr'><strong>animarum,</strong></span> <span class='ocrx_word' id='word_1_417' title='bbox 1390 4026 1421 4080; x_wconf 88' lang='lat' dir='ltr'><strong>et</strong></span> <span class='ocrx_word' id='word_1_418' title='bbox 1436 4017 1510 4081; x_wconf 92' lang='lat' dir='ltr'><strong>boni</strong></span> <span class='ocrx_word' id='word_1_419' title='bbox 1526 4016 1660 4099; x_wconf 89' lang='lat' dir='ltr'><strong>pastoris</strong></span> 
     </span>
     <span class='ocr_line' id='line_1_37' title="bbox 102 4114 1789 4200; baseline -0.007 -17"><span class='ocrx_word' id='word_1_420' title='bbox 102 4122 184 4183; x_wconf 91' lang='lat' dir='ltr'><strong>dum</strong></span> <span class='ocrx_word' id='word_1_421' title='bbox 202 4126 373 4200; x_wconf 89' lang='lat' dir='ltr'><strong>augeretur</strong></span> <span class='ocrx_word' id='word_1_422' title='bbox 388 4119 537 4198; x_wconf 86' lang='lat' dir='ltr'><strong>tentatio;</strong></span> <span class='ocrx_word' id='word_1_423' title='bbox 548 4119 603 4180; x_wconf 94' lang='lat' dir='ltr'><strong>sed</strong></span> <span class='ocrx_word' id='word_1_424' title='bbox 618 4119 746 4182; x_wconf 90' lang='lat' dir='ltr'><strong>duriora</strong></span> <span class='ocrx_word' id='word_1_425' title='bbox 761 4119 859 4182; x_wconf 90' lang='lat' dir='ltr'><strong>verba</strong></span> <span class='ocrx_word' id='word_1_426' title='bbox 914 4117 1057 4180; x_wconf 87' lang='lat' dir='ltr'><strong>imitetur</strong></span> <span class='ocrx_word' id='word_1_427' title='bbox 1071 4115 1268 4198; x_wconf 82' lang='lat' dir='ltr'><strong>exemplum,</strong></span> <span class='ocrx_word' id='word_1_428' title='bbox 1285 4115 1340 4197; x_wconf 95' lang='lat' dir='ltr'><strong>qui</strong></span> <span class='ocrx_word' id='word_1_429' title='bbox 1356 4114 1474 4177; x_wconf 92' lang='lat' dir='ltr'><strong>relictis</strong></span> <span class='ocrx_word' id='word_1_430' title='bbox 1490 4116 1659 4196; x_wconf 87' lang='lat' dir='ltr'><strong>nonaginta</strong></span> <span class='ocrx_word' id='word_1_431' title='bbox 1700 4128 1789 4172; x_wconf 74' lang='lat' dir='ltr'><strong>matra.</strong></span> 
     </span>
     <span class='ocr_line' id='line_1_38' title="bbox 102 4195 1773 4300; baseline -0.001 -20"><span class='ocrx_word' id='word_1_432' title='bbox 102 4213 309 4292; x_wconf 74' lang='lat' dir='ltr'><strong>transiliam,</strong></span> <span class='ocrx_word' id='word_1_433' title='bbox 323 4236 393 4298; x_wconf 83' lang='lat' dir='ltr'><strong>quae</strong></span> <span class='ocrx_word' id='word_1_434' title='bbox 407 4217 446 4279; x_wconf 91' lang='lat' dir='ltr'><strong>ad</strong></span> <span class='ocrx_word' id='word_1_435' title='bbox 464 4234 575 4299; x_wconf 89' lang='lat' dir='ltr'><strong>pacem</strong></span> <span class='ocrx_word' id='word_1_436' title='bbox 589 4218 764 4300; x_wconf 88' lang='lat' dir='ltr'><strong>expediunt</strong></span> <span class='ocrx_word' id='word_1_437' title='bbox 783 4218 857 4281; x_wconf 90' lang='lat' dir='ltr'><strong>hino</strong></span> <span class='ocrx_word' id='word_1_438' title='bbox 873 4218 899 4283; x_wconf 88' lang='lat' dir='ltr'><strong>o</strong></span> <span class='ocrx_word' id='word_1_439' title='bbox 914 4235 1029 4280; x_wconf 89' lang='lat' dir='ltr'><strong>novem</strong></span> <span class='ocrx_word' id='word_1_440' title='bbox 1045 4215 1158 4279; x_wconf 92' lang='lat' dir='ltr'><strong>ovibus</strong></span> <span class='ocrx_word' id='word_1_441' title='bbox 1180 4216 1212 4276; x_wconf 91' lang='lat' dir='ltr'><strong>in</strong></span> <span class='ocrx_word' id='word_1_442' title='bbox 1235 4214 1407 4287; x_wconf 89' lang='lat' dir='ltr'><strong>montibus,</strong></span> <span class='ocrx_word' id='word_1_443' title='bbox 1424 4213 1503 4276; x_wconf 91' lang='lat' dir='ltr'><strong>abiit</strong></span> <span class='ocrx_word' id='word_1_444' title='bbox 1517 4234 1659 4297; x_wconf 86' lang='lat' dir='ltr'><strong>quaerere</strong></span> <span class='ocrx_word' id='word_1_445' title='bbox 1674 4206 1730 4242; x_wconf 70' lang='lat'><strong>“¹¹¹⁸</strong></span> <span class='ocrx_word' id='word_1_446' title='bbox 1740 4195 1773 4234; x_wconf 77' lang='lat'><strong>¹²¹</strong></span> 
     </span>
     <span class='ocr_line' id='line_1_39' title="bbox 102 4313 1658 4398; baseline -0.002 -20"><span class='ocrx_word' id='word_1_447' title='bbox 102 4317 182 4379; x_wconf 91' lang='lat' dir='ltr'><strong>inde</strong></span> <span class='ocrx_word' id='word_1_448' title='bbox 199 4315 377 4379; x_wconf 88' lang='lat' dir='ltr'><strong>denuntiet.</strong></span> <span class='ocrx_word' id='word_1_449' title='bbox 394 4316 429 4377; x_wconf 93' lang='lat' dir='ltr'><strong>ln</strong></span> <span class='ocrx_word' id='word_1_450' title='bbox 449 4335 512 4397; x_wconf 91' lang='lat' dir='ltr'><strong>qua</strong></span> <span class='ocrx_word' id='word_1_451' title='bbox 528 4335 562 4378; x_wconf 94' lang='lat' dir='ltr'><strong>re</strong></span> <span class='ocrx_word' id='word_1_452' title='bbox 582 4334 696 4396; x_wconf 88' lang='lat' dir='ltr'><strong>magna</strong></span> <span class='ocrx_word' id='word_1_453' title='bbox 715 4333 795 4398; x_wconf 92' lang='lat' dir='ltr'><strong>opus</strong></span> <span class='ocrx_word' id='word_1_454' title='bbox 811 4325 858 4379; x_wconf 92' lang='lat' dir='ltr'><strong>est</strong></span> <span class='ocrx_word' id='word_1_455' title='bbox 914 4335 1009 4379; x_wconf 88' lang='lat' dir='ltr'><strong>unam</strong></span> <span class='ocrx_word' id='word_1_456' title='bbox 1030 4333 1122 4376; x_wconf 89' lang='lat' dir='ltr'><strong>ovem</strong></span> <span class='ocrx_word' id='word_1_457' title='bbox 1139 4333 1209 4396; x_wconf 85' lang='lat' dir='ltr'><strong>quae</strong></span> <span class='ocrx_word' id='word_1_458' title='bbox 1230 4313 1325 4394; x_wconf 89' lang='lat' dir='ltr'><strong>periit</strong></span> <span class='ocrx_word' id='word_1_459' title='bbox 1341 4332 1348 4375; x_wconf 92' lang='lat'><strong>:</strong></span> <span class='ocrx_word' id='word_1_460' title='bbox 1365 4313 1457 4393; x_wconf 90' lang='lat' dir='ltr'><strong>eujus</strong></span> <span class='ocrx_word' id='word_1_461' title='bbox 1478 4313 1658 4377; x_wconf 90' lang='lat' dir='ltr'><strong>infirmitati</strong></span> 
     </span>
     <span class='ocr_line' id='line_1_40' title="bbox 101 4413 1659 4495; baseline -0.001 -18"><span class='ocrx_word' id='word_1_462' title='bbox 101 4414 313 4478; x_wconf 90' lang='lat' dir='ltr'><strong>discretione.</strong></span> <span class='ocrx_word' id='word_1_463' title='bbox 331 4413 363 4477; x_wconf 91' lang='lat' dir='ltr'><strong>Si</strong></span> <span class='ocrx_word' id='word_1_464' title='bbox 385 4421 492 4477; x_wconf 89' lang='lat' dir='ltr'><strong>autem</strong></span> <span class='ocrx_word' id='word_1_465' title='bbox 513 4414 740 4477; x_wconf 90' lang='lat' dir='ltr'><strong>intermedians</strong></span> <span class='ocrx_word' id='word_1_466' title='bbox 761 4414 857 4478; x_wconf 91' lang='lat' dir='ltr'><strong>fuerit</strong></span> <span class='ocrx_word' id='word_1_467' title='bbox 914 4417 946 4478; x_wconf 92' lang='lat' dir='ltr'><strong>in</strong></span> <span class='ocrx_word' id='word_1_468' title='bbox 971 4422 1093 4476; x_wconf 89' lang='lat' dir='ltr'><strong>tantum</strong></span> <span class='ocrx_word' id='word_1_469' title='bbox 1119 4432 1304 4495; x_wconf 89' lang='lat' dir='ltr'><strong>compassus</strong></span> <span class='ocrx_word' id='word_1_470' title='bbox 1328 4420 1386 4485; x_wconf 90' lang='lat' dir='ltr'><strong>est,</strong></span> <span class='ocrx_word' id='word_1_471' title='bbox 1408 4421 1442 4474; x_wconf 91' lang='lat' dir='ltr'><strong>ut</strong></span> <span class='ocrx_word' id='word_1_472' title='bbox 1465 4432 1535 4476; x_wconf 90' lang='lat' dir='ltr'><strong>eam</strong></span> <span class='ocrx_word' id='word_1_473' title='bbox 1561 4413 1659 4476; x_wconf 90' lang='lat' dir='ltr'><strong>sacris</strong></span> 
     </span>
     <span class='ocr_line' id='line_1_41' title="bbox 101 4511 1658 4595; baseline -0.001 -18"><span class='ocrx_word' id='word_1_474' title='bbox 101 4515 231 4595; x_wconf 87' lang='lat' dir='ltr'><strong>injuste</strong></span> <span class='ocrx_word' id='word_1_475' title='bbox 260 4520 292 4574; x_wconf 90' lang='lat' dir='ltr'><strong>et</strong></span> <span class='ocrx_word' id='word_1_476' title='bbox 316 4512 391 4575; x_wconf 90' lang='lat' dir='ltr'><strong>ficte</strong></span> <span class='ocrx_word' id='word_1_477' title='bbox 420 4531 454 4574; x_wconf 89' lang='lat' dir='ltr'><strong>se</strong></span> <span class='ocrx_word' id='word_1_478' title='bbox 483 4511 614 4587; x_wconf 88' lang='lat' dir='ltr'><strong>habeus,</strong></span> <span class='ocrx_word' id='word_1_479' title='bbox 641 4520 672 4575; x_wconf 92' lang='lat' dir='ltr'><strong>et</strong></span> <span class='ocrx_word' id='word_1_480' title='bbox 701 4519 857 4575; x_wconf 86' lang='lat' dir='ltr'><strong>tentatum</strong></span> <span class='ocrx_word' id='word_1_481' title='bbox 913 4513 1056 4576; x_wconf 89' lang='lat' dir='ltr'><strong>humeris</strong></span> <span class='ocrx_word' id='word_1_482' title='bbox 1078 4512 1144 4576; x_wconf 91' lang='lat' dir='ltr'><strong>suis</strong></span> <span class='ocrx_word' id='word_1_483' title='bbox 1165 4513 1348 4593; x_wconf 86' lang='lat' dir='ltr'><strong>dignaretur</strong></span> <span class='ocrx_word' id='word_1_484' title='bbox 1370 4511 1544 4594; x_wconf 91' lang='lat' dir='ltr'><strong>imponere,</strong></span> <span class='ocrx_word' id='word_1_485' title='bbox 1561 4519 1593 4575; x_wconf 91' lang='lat' dir='ltr'><strong>et</strong></span> <span class='ocrx_word' id='word_1_486' title='bbox 1613 4513 1658 4575; x_wconf 93' lang='lat' dir='ltr'><strong>sic</strong></span> 
     </span>
     <span class='ocr_line' id='line_1_42' title="bbox 100 4609 1658 4694; baseline -0.001 -19"><span class='ocrx_word' id='word_1_487' title='bbox 100 4620 220 4675; x_wconf 87' lang='lat' dir='ltr'><strong>contra</strong></span> <span class='ocrx_word' id='word_1_488' title='bbox 252 4610 475 4692; x_wconf 77' lang='lat' dir='ltr'><strong>presidentem</strong></span> <span class='ocrx_word' id='word_1_489' title='bbox 510 4611 610 4691; x_wconf 88' lang='lat' dir='ltr'><strong>magis</strong></span> <span class='ocrx_word' id='word_1_490' title='bbox 641 4609 856 4686; x_wconf 87' lang='lat' dir='ltr'><strong>inflammans,</strong></span> <span class='ocrx_word' id='word_1_491' title='bbox 914 4620 1074 4694; x_wconf 88' lang='lat' dir='ltr'><strong>reportare</strong></span> <span class='ocrx_word' id='word_1_492' title='bbox 1090 4610 1129 4673; x_wconf 93' lang='lat' dir='ltr'><strong>ad</strong></span> <span class='ocrx_word' id='word_1_493' title='bbox 1149 4629 1286 4691; x_wconf 82' lang='lat' dir='ltr'><strong>gregem.</strong></span> <span class='ocrx_word' id='word_1_494' title='bbox 1305 4610 1468 4673; x_wconf 85' lang='lat' dir='ltr'><strong>lloocbaec</strong></span> <span class='ocrx_word' id='word_1_495' title='bbox 1484 4609 1658 4674; x_wconf 88' lang='lat' dir='ltr'><strong>beatissimi</strong></span> 
     </span>
     <span class='ocr_line' id='line_1_43' title="bbox 98 4706 1661 4793; baseline -0.001 -19"><span class='ocrx_word' id='word_1_496' title='bbox 98 4713 172 4774; x_wconf 90' lang='lat' dir='ltr'><strong>sive</strong></span> <span class='ocrx_word' id='word_1_497' title='bbox 196 4717 338 4783; x_wconf 90' lang='lat' dir='ltr'><strong>econtra,</strong></span> <span class='ocrx_word' id='word_1_498' title='bbox 354 4709 548 4772; x_wconf 93' lang='lat' dir='ltr'><strong>diabolicum</strong></span> <span class='ocrx_word' id='word_1_499' title='bbox 571 4709 692 4772; x_wconf 90' lang='lat' dir='ltr'><strong>crimen</strong></span> <span class='ocrx_word' id='word_1_500' title='bbox 714 4711 859 4773; x_wconf 88' lang='lat' dir='ltr'><strong>commit·</strong></span> <span class='ocrx_word' id='word_1_501' title='bbox 913 4710 1012 4793; x_wconf 91' lang='lat' dir='ltr'><strong>patris</strong></span> <span class='ocrx_word' id='word_1_502' title='bbox 1027 4707 1189 4771; x_wconf 90' lang='lat' dir='ltr'><strong>Benedicti</strong></span> <span class='ocrx_word' id='word_1_503' title='bbox 1205 4706 1301 4769; x_wconf 90' lang='lat' dir='ltr'><strong>verba</strong></span> <span class='ocrx_word' id='word_1_504' title='bbox 1321 4707 1409 4769; x_wconf 92' lang='lat' dir='ltr'><strong>omni</strong></span> <span class='ocrx_word' id='word_1_505' title='bbox 1429 4708 1587 4790; x_wconf 89' lang='lat' dir='ltr'><strong>spirituali</strong></span> <span class='ocrx_word' id='word_1_506' title='bbox 1609 4729 1661 4792; x_wconf 91' lang='lat' dir='ltr'><strong>pa-</strong></span> 
     </span>
     <span class='ocr_line' id='line_1_44' title="bbox 98 4804 1660 4891; baseline -0.001 -18"><span class='ocrx_word' id='word_1_507' title='bbox 98 4818 195 4873; x_wconf 89' lang='lat' dir='ltr'><strong>teret.</strong></span> <span class='ocrx_word' id='word_1_508' title='bbox 226 4807 449 4882; x_wconf 79' lang='lat' dir='ltr'><strong>conformiter,</strong></span> <span class='ocrx_word' id='word_1_509' title='bbox 476 4807 503 4870; x_wconf 89' lang='lat' dir='ltr'><strong>si</strong></span> <span class='ocrx_word' id='word_1_510' title='bbox 532 4808 638 4891; x_wconf 91' lang='lat' dir='ltr'><strong>isqui</strong></span> <span class='ocrx_word' id='word_1_511' title='bbox 669 4815 792 4890; x_wconf 85' lang='lat' dir='ltr'><strong>praeest,</strong></span> <span class='ocrx_word' id='word_1_512' title='bbox 818 4827 857 4870; x_wconf 87' lang='lat' dir='ltr'><strong>ex</strong></span> <span class='ocrx_word' id='word_1_513' title='bbox 913 4809 954 4870; x_wconf 91' lang='lat' dir='ltr'><strong>tri</strong></span> <span class='ocrx_word' id='word_1_514' title='bbox 974 4815 1049 4870; x_wconf 90' lang='lat' dir='ltr'><strong>sunt</strong></span> <span class='ocrx_word' id='word_1_515' title='bbox 1067 4804 1312 4887; x_wconf 87' lang='lat' dir='ltr'><strong>diligentissime</strong></span> <span class='ocrx_word' id='word_1_516' title='bbox 1332 4805 1484 4869; x_wconf 90' lang='lat' dir='ltr'><strong>intuenda</strong></span> <span class='ocrx_word' id='word_1_517' title='bbox 1501 4825 1538 4870; x_wconf 90' lang='lat' dir='ltr'><strong>ac</strong></span> <span class='ocrx_word' id='word_1_518' title='bbox 1554 4808 1660 4871; x_wconf 89' lang='lat' dir='ltr'><strong>obser-</strong></span> 
     </span>
     <span class='ocr_line' id='line_1_45' title="bbox 98 4904 1024 4991; baseline -0.001 -21"><span class='ocrx_word' id='word_1_519' title='bbox 98 4907 248 4991; x_wconf 88' lang='lat' dir='ltr'><strong>quadam</strong></span> <span class='ocrx_word' id='word_1_520' title='bbox 264 4904 391 4979; x_wconf 87' lang='lat' dir='ltr'><strong>duritia,</strong></span> <span class='ocrx_word' id='word_1_521' title='bbox 408 4905 636 4987; x_wconf 86' lang='lat' dir='ltr'><strong>indignatione,</strong></span> <span class='ocrx_word' id='word_1_522' title='bbox 653 4905 789 4968; x_wconf 89' lang='lat' dir='ltr'><strong>eletione</strong></span> <span class='ocrx_word' id='word_1_523' title='bbox 803 4914 858 4968; x_wconf 91' lang='lat' dir='ltr'><strong>aut</strong></span> <span class='ocrx_word' id='word_1_524' title='bbox 913 4908 1024 4971; x_wconf 89' lang='lat' dir='ltr'><strong>venda.</strong></span> 
     </span>
     <span class='ocr_line' id='line_1_46' title="bbox 99 5003 1660 5088; baseline -0.001 -19"><span class='ocrx_word' id='word_1_525' title='bbox 99 5007 173 5070; x_wconf 88' lang='lat' dir='ltr'><strong>zelo</strong></span> <span class='ocrx_word' id='word_1_526' title='bbox 203 5021 315 5066; x_wconf 88' lang='lat' dir='ltr'><strong>amaro</strong></span> <span class='ocrx_word' id='word_1_527' title='bbox 343 5003 442 5066; x_wconf 91' lang='lat' dir='ltr'><strong>nollet</strong></span> <span class='ocrx_word' id='word_1_528' title='bbox 471 5021 504 5066; x_wconf 91' lang='lat' dir='ltr'><strong>se</strong></span> <span class='ocrx_word' id='word_1_529' title='bbox 533 5011 657 5066; x_wconf 89' lang='lat' dir='ltr'><strong>tentum</strong></span> <span class='ocrx_word' id='word_1_530' title='bbox 686 5003 856 5067; x_wconf 88' lang='lat' dir='ltr'><strong>humiliare</strong></span> <span class='ocrx_word' id='word_1_531' title='bbox 953 5007 1087 5088; x_wconf 89' lang='lat' dir='ltr'><strong>insuper</strong></span> <span class='ocrx_word' id='word_1_532' title='bbox 1106 5005 1137 5066; x_wconf 94' lang='lat' dir='ltr'><strong>in</strong></span> <span class='ocrx_word' id='word_1_533' title='bbox 1158 5003 1323 5086; x_wconf 77' lang='lat' dir='ltr'><strong>presentis</strong></span> <span class='ocrx_word' id='word_1_534' title='bbox 1343 5005 1512 5068; x_wconf 80' lang='lat' dir='ltr'><strong>dominicae</strong></span> <span class='ocrx_word' id='word_1_535' title='bbox 1526 5006 1660 5087; x_wconf 89' lang='lat' dir='ltr'><strong>epistola</strong></span> 
     </span>
     <span class='ocr_line' id='line_1_47' title="bbox 98 5103 1657 5189; baseline -0.001 -20"><span class='ocrx_word' id='word_1_536' title='bbox 98 5104 192 5189; x_wconf 93' lang='lat' dir='ltr'><strong>quod</strong></span> <span class='ocrx_word' id='word_1_537' title='bbox 217 5103 280 5165; x_wconf 85' lang='lat' dir='ltr'><strong>iret</strong></span> <span class='ocrx_word' id='word_1_538' title='bbox 299 5109 354 5165; x_wconf 91' lang='lat' dir='ltr'><strong>aut</strong></span> <span class='ocrx_word' id='word_1_539' title='bbox 376 5103 516 5166; x_wconf 89' lang='lat' dir='ltr'><strong>mitteret</strong></span> <span class='ocrx_word' id='word_1_540' title='bbox 534 5103 574 5165; x_wconf 89' lang='lat' dir='ltr'><strong>ad</strong></span> <span class='ocrx_word' id='word_1_541' title='bbox 595 5103 736 5165; x_wconf 89' lang='lat' dir='ltr'><strong>Fratrem</strong></span> <span class='ocrx_word' id='word_1_542' title='bbox 758 5109 857 5165; x_wconf 89' lang='lat' dir='ltr'><strong>tenta·</strong></span> <span class='ocrx_word' id='word_1_543' title='bbox 913 5107 951 5168; x_wconf 87' lang='lat' dir='ltr'><strong>ad</strong></span> <span class='ocrx_word' id='word_1_544' title='bbox 967 5104 1181 5168; x_wconf 85' lang='lat' dir='ltr'><strong>bumilitatem</strong></span> <span class='ocrx_word' id='word_1_545' title='bbox 1203 5103 1385 5166; x_wconf 91' lang='lat' dir='ltr'><strong>cohortatur</strong></span> <span class='ocrx_word' id='word_1_546' title='bbox 1404 5120 1461 5166; x_wconf 91' lang='lat' dir='ltr'><strong>nos</strong></span> <span class='ocrx_word' id='word_1_547' title='bbox 1478 5104 1657 5186; x_wconf 80' lang='lat' dir='ltr'><strong>Apostolus,</strong></span> 
     </span>
     <span class='ocr_line' id='line_1_48' title="bbox 98 5199 1805 5284; baseline -0.001 -18"><span class='ocrx_word' id='word_1_548' title='bbox 98 5214 185 5277; x_wconf 89' lang='lat' dir='ltr'><strong>tum,</strong></span> <span class='ocrx_word' id='word_1_549' title='bbox 212 5199 270 5264; x_wconf 91' lang='lat' dir='ltr'><strong>sed</strong></span> <span class='ocrx_word' id='word_1_550' title='bbox 298 5219 371 5265; x_wconf 89' lang='lat' dir='ltr'><strong>eum</strong></span> <span class='ocrx_word' id='word_1_551' title='bbox 402 5201 434 5263; x_wconf 94' lang='lat' dir='ltr'><strong>in</strong></span> <span class='ocrx_word' id='word_1_552' title='bbox 464 5220 521 5263; x_wconf 90' lang='lat' dir='ltr'><strong>sua</strong></span> <span class='ocrx_word' id='word_1_553' title='bbox 551 5200 771 5283; x_wconf 89' lang='lat' dir='ltr'><strong>inquietudine</strong></span> <span class='ocrx_word' id='word_1_554' title='bbox 800 5220 858 5282; x_wconf 91' lang='lat' dir='ltr'><strong>pcr</strong></span> <span class='ocrx_word' id='word_1_555' title='bbox 913 5204 1022 5264; x_wconf 89' lang='lat' dir='ltr'><strong>dicens</strong></span> <span class='ocrx_word' id='word_1_556' title='bbox 1040 5220 1047 5264; x_wconf 92' lang='lat'>:</span> <span class='ocrx_word' id='word_1_557' title='bbox 1066 5202 1098 5264; x_wconf 89' lang='lat' dir='ltr'><strong>Si</strong></span> <span class='ocrx_word' id='word_1_558' title='bbox 1117 5201 1190 5282; x_wconf 93' lang='lat' dir='ltr'><strong>quis</strong></span> <span class='ocrx_word' id='word_1_559' title='bbox 1212 5200 1372 5264; x_wconf 84' lang='lat' dir='ltr'><strong>existimet</strong></span> <span class='ocrx_word' id='word_1_560' title='bbox 1392 5219 1425 5263; x_wconf 92' lang='lat' dir='ltr'><strong>se</strong></span> <span class='ocrx_word' id='word_1_561' title='bbox 1447 5202 1567 5284; x_wconf 90' lang='lat' dir='ltr'><strong>aliquid</strong></span> <span class='ocrx_word' id='word_1_562' title='bbox 1589 5221 1658 5264; x_wconf 87' lang='lat' dir='ltr'><strong>esse</strong></span> <span class='ocrx_word' id='word_1_563' title='bbox 1674 5215 1805 5265; x_wconf 72' lang='lat' dir='ltr'><strong>Galat-uc.</strong></span> 
     </span>
     <span class='ocr_line' id='line_1_49' title="bbox 97 5298 1656 5383; baseline -0.003 -16"><span class='ocrx_word' id='word_1_564' title='bbox 97 5304 172 5367; x_wconf 88' lang='lat' dir='ltr'><strong>dies</strong></span> <span class='ocrx_word' id='word_1_565' title='bbox 199 5307 236 5364; x_wconf 93' lang='lat' dir='ltr'><strong>et</strong></span> <span class='ocrx_word' id='word_1_566' title='bbox 259 5300 326 5364; x_wconf 91' lang='lat' dir='ltr'><strong>dies</strong></span> <span class='ocrx_word' id='word_1_567' title='bbox 351 5300 535 5375; x_wconf 87' lang='lat' dir='ltr'><strong>dimitteret,</strong></span> <span class='ocrx_word' id='word_1_568' title='bbox 562 5317 625 5362; x_wconf 93' lang='lat' dir='ltr'><strong>non</strong></span> <span class='ocrx_word' id='word_1_569' title='bbox 655 5299 857 5364; x_wconf 90' lang='lat' dir='ltr'><strong>mediocriter</strong></span> <span class='ocrx_word' id='word_1_570' title='bbox 914 5320 1013 5383; x_wconf 92' lang='lat' dir='ltr'><strong>quum</strong></span> <span class='ocrx_word' id='word_1_571' title='bbox 1038 5300 1118 5363; x_wconf 91' lang='lat' dir='ltr'><strong>nihil</strong></span> <span class='ocrx_word' id='word_1_572' title='bbox 1140 5300 1192 5375; x_wconf 87' lang='lat' dir='ltr'><strong>sit,</strong></span> <span class='ocrx_word' id='word_1_573' title='bbox 1210 5299 1277 5382; x_wconf 91' lang='lat' dir='ltr'><strong>ipse</strong></span> <span class='ocrx_word' id='word_1_574' title='bbox 1300 5317 1333 5362; x_wconf 91' lang='lat' dir='ltr'><strong>se</strong></span> <span class='ocrx_word' id='word_1_575' title='bbox 1356 5299 1496 5380; x_wconf 89' lang='lat' dir='ltr'><strong>seducit;</strong></span> <span class='ocrx_word' id='word_1_576' title='bbox 1517 5298 1575 5363; x_wconf 90' lang='lat' dir='ltr'><strong>hoc</strong></span> <span class='ocrx_word' id='word_1_577' title='bbox 1597 5309 1656 5374; x_wconf 90' lang='lat' dir='ltr'><strong>est,</strong></span> 
     </span>
    </p>
   </div>
   <div class='ocr_carea' id='block_1_3' title="bbox 0 0 2082 6258">
    <p class='ocr_par' dir='ltr' id='par_1_6' title="bbox 0 0 2082 6258">
     <span class='ocr_line' id='line_1_50' title="bbox 0 0 2082 6258; baseline 0 5"><span class='ocrx_word' id='word_1_578' title='bbox 0 0 2082 6258; x_wconf 95' lang='lat' dir='ltr'><strong> </strong></span> 
     </span>
    </p>
   </div>
  </div>
 </body>
</html>
