4140 6258
433 491 494 555 324
794 509 941 558 noumrcx
962 510 994 556 rx
1015 511 1088 559 rosr
1108 509 1302 558 rnmrrnrsn.
1322 529 1362 540 -
1383 511 1482 559 santio
1502 510 1626 558 rannus

435 679 620 756 infidelitas,
631 681 770 765 pravitas
785 688 818 745 et
832 682 1025 764 ingratitudo
1040 699 1102 745 non
1120 680 1183 745 suf·
1198 679 1224 742 A
1237 681 1335 744 tualia
1356 701 1452 764 quam
1474 679 1650 764 corporalia
1674 695 1806 762 pronus,
1828 681 1966 758 quatenus

436 777 516 854 ficit,
543 780 598 843 sed
626 781 828 862 suggestione
857 781 978 864 iniqua,
1003 781 1183 863 pernicioso
1238 787 1308 863 post
1329 780 1411 843 banc
1433 780 1530 844 vitam
1554 785 1755 862 presentem,
1774 774 1910 858 requiem
1929 775 1967 835 in-

436 879 595 961 exemplo,
624 879 710 942 fama
737 879 931 954 scandalosa,
959 880 1024 942 vite
1054 879 1183 962 publice
1238 879 1346 942 veniat
1376 886 1408 940 et
1438 877 1667 941 sufficientiam
1701 893 1739 937 ac
1769 872 1965 956 provisionem

436 976 561 1051 vitiosa,
582 976 718 1040 aliorum
738 977 861 1040 animas
886 978 1016 1040 trahunt
1036 978 1075 1040 ad
1101 995 1183 1040 mor·
1239 986 1399 1040 eternam.
1413 977 1511 1050 Unde,
1524 983 1559 1038 ut
1574 975 1702 1048 dicitur,
1714 971 1903 1036 consuetudo
1917 969 1967 1031 fuit

436 1082 501 1138 tem
520 1075 623 1158 culpe
642 1076 675 1139 in
695 1076 856 1158 presenti,
873 1083 968 1158 atque
988 1096 1045 1158 per
1065 1076 1124 1138 hoc
1144 1077 1183 1138 ad
1239 1076 1271 1138 in
1287 1076 1423 1157 quadam
1444 1075 1548 1137 insula
1568 1072 1676 1146 maris,
1693 1071 1779 1155 quod
1795 1069 1966 1133 habitatores

437 1182 572 1236 mortem
593 1174 760 1237 infernalis
783 1174 919 1238 miserie
940 1174 972 1236 in
993 1173 1110 1237 futuro.
1130 1174 1183 1237 lsti
1239 1173 1310 1255 ejus
1335 1173 1479 1256 quolibet
1503 1189 1587 1235 anno
1609 1189 1717 1252 regem
1742 1169 1803 1232 sibi
1828 1168 1965 1230 fecarunt.

437 1280 512 1334 sunt
540 1271 745 1335 odibilissimi
777 1274 851 1347 Deo,
877 1273 970 1354 cujus
995 1271 1185 1355 pretiosissi·
1239 1291 1335 1355 quem
1357 1289 1441 1335 anno
1463 1271 1595 1354 impleto
1616 1269 1649 1333 in
1669 1267 1819 1332 exsilium
1839 1265 1967 1329 transmi-

438 1388 524 1432 mam
547 1370 757 1433 substantiam
776 1378 841 1433 tam
859 1370 1103 1434 sceleratissime
1122 1371 1185 1434 dis·
1239 1379 1358 1433 serunt.
1372 1370 1509 1452 Contigit
1524 1385 1600 1432 vero
1613 1367 1785 1451 quemdam
1800 1373 1966 1428 extraneum

439 1468 555 1551 sipent,
572 1468 844 1551 spiritualiterque
859 1469 1048 1544 annihilant,
1060 1469 1136 1552 quia
1150 1477 1186 1530 ut
1239 1470 1277 1532 ad
1298 1469 1385 1531 illam
1406 1469 1564 1531 divertere
1584 1467 1758 1549 regionem,
1776 1464 1831 1547 qui
1852 1481 1966 1526 consue

439 1567 553 1629 asserit
568 1566 775 1649 Augustinus,
791 1567 959 1631 Peccatum
978 1567 1060 1630 nibil
1080 1574 1138 1641 cst,
1154 1573 1186 1628 et
1240 1567 1384 1629 tudinem
1411 1565 1568 1647 ignoravit
1597 1571 1804 1647 pretactam3
1828 1561 1967 1624 fecerunt-

440 1663 522 1726 nihil
540 1663 626 1726 fiunt
644 1665 791 1728 homines
810 1666 980 1748 peccando.
998 1666 1085 1729 Unde
1104 1665 1185 1746 Apo·
1240 1683 1302 1747 que
1324 1683 1398 1727 eum
1418 1682 1535 1745 regem.
1557 1663 1624 1736 Quo
1643 1662 1738 1735 facto,
1755 1660 1883 1742 quidam
1902 1657 1968 1720 indi-

293 1766 425 1820 ateana.
440 1761 540 1824 stolus
564 1769 758 1845 protestatur
780 1780 787 1824 :
810 1763 868 1836 Qui
894 1782 927 1826 se
952 1769 1042 1845 putat
1064 1762 1185 1844 aliquid
1241 1762 1325 1824 eavit
1353 1762 1381 1825 ei
1413 1780 1535 1826 morem
1566 1761 1652 1822 illius
1682 1767 1783 1822 terre.
1814 1756 1898 1819 l'unc
1925 1755 1967 1816 illa

439 1877 516 1932 esse,
525 1878 625 1941 quum
641 1859 722 1921 nihil
738 1861 789 1932 sit,
799 1861 868 1943 ipse
884 1879 917 1922 se
932 1860 1065 1924 seducit.
1074 1861 1109 1922 ln
1125 1859 1185 1923 isto
1199 1855 1222 1918 B
1240 1880 1353 1923 aurum
1379 1869 1411 1923 et
1431 1867 1609 1942 argentum,
1630 1856 1783 1920 victualia
1804 1854 1924 1938 copiosa
1943 1860 1968 1915 et

438 1957 642 2040 potissimum
658 1957 835 2041 culpabiles
850 1966 925 2020 sunt
939 1958 1045 2022 vitiosi
1063 1958 1184 2040 prelati
1240 1959 1348 2022 omnia
1377 1957 1556 2022 necessaria
1584 1956 1696 2021 eodem
1725 1971 1810 2016 anuo
1832 1951 1969 2036 premisit

438 2063 470 2117 et
485 2057 647 2138 principes
663 2057 1053 2139 negligentes,omnesque
1069 2064 1185 2138 patres·
1239 2058 1278 2121 ad
1297 2057 1434 2120 insulam
1453 2057 1485 2118 in
1506 2073 1602 2138 quam
1622 2061 1753 2117 noverat
1772 2071 1805 2116 se
1825 2050 1968 2114 transmit·

437 2151 575 2215 familias
600 2173 635 2216 ac
664 2153 932 2228 matresfamilias,
957 2155 1013 2237 qui
1037 2154 1104 2217 suis
1128 2155 1183 2217 do·
1238 2156 1369 2218 tendum
1389 2173 1395 2217 :
1413 2174 1486 2218 nam
1506 2171 1589 2217 anno
1609 2153 1658 2215 sui
1681 2151 1808 2234 imperii
1828 2151 1858 2213 ei
1876 2149 1917 2211 nil
1934 2149 1968 2210 ci-

438 2250 580 2313 mesticis
603 2270 640 2313 ac
669 2252 741 2314 aliis
765 2251 884 2315 melum
910 2252 1054 2334 prebent
1078 2271 1184 2316 exem·
1237 2273 1293 2317 ves
1313 2255 1363 2316 sui
1383 2253 1549 2335 negabant.
1565 2253 1656 2314 Anno
1676 2251 1783 2332 itaque
1802 2248 1923 2312 evoluto
1941 2247 1966 2308 in

437 2347 539 2429 plum,
556 2367 615 2412 nec
635 2348 779 2412 debitum
799 2351 848 2412 sui
865 2350 1001 2433 implent
1017 2349 1130 2413 officii.
1147 2350 1182 2412 ln
1238 2352 1387 2416 exsilium
1418 2351 1546 2425 missuS,
1577 2349 1700 2412 invenit
1729 2348 1849 2411 ibidem
1878 2347 1965 2408 locum

436 2444 658 2510 observatione
672 2455 778 2510 autem
793 2449 943 2531 precepti
959 2450 998 2511 de
1014 2450 1184 2532 correptio·
1239 2450 1319 2513 bene
1343 2450 1506 2532 provisum
1530 2467 1567 2511 ac
1590 2448 1792 2530 locupletem.
1815 2446 1867 2508 Sic
1888 2443 1967 2528 quili-

437 2562 478 2606 ne
493 2543 632 2608 fraterna
646 2563 729 2627 pene
743 2563 853 2609 omnes
870 2547 1077 2610 inveniuntur
1095 2548 1183 2609 dum·
1238 2549 1291 2612 bet
1312 2567 1369 2630 pro
1389 2565 1482 2631 posse
1502 2566 1588 2609 nunc
1606 2546 1712 2608 faciat.
1729 2545 1808 2608 Nam
1826 2543 1924 2606 insula
1941 2542 1966 2602 in

436 2641 586 2704 nabiliter
601 2644 888 2728 negligentesquia
903 2646 1080 2708 secundum
1097 2645 1184 2709 Chri·
1237 2666 1300 2730 qua
1325 2665 1411 2708 nunc
1435 2663 1634 2729 perannum
1660 2644 1798 2706 vivimus
1822 2650 1855 2705 et
1874 2658 1968 2721 regna·

436 2741 475 2802 sti
505 2742 681 2806 doctrinam
712 2762 748 2805 ac
775 2743 952 2824 jussionem
981 2745 1036 2807 vix
1065 2743 1182 2827 aliquis
1238 2764 1320 2819 mus,
1333 2751 1382 2807 est
1396 2742 1547 2817 mundus,
1560 2743 1592 2806 in
1609 2759 1672 2825 quo
1688 2740 1813 2804 modico
1828 2747 1966 2821 tempore,

437 2839 569 2922 corripit
593 2841 775 2923 proximum
800 2842 1070 2924 delinquentem:
1097 2843 1181 2925 quod
1237 2851 1384 2924 respectu
1407 2841 1603 2914 aternitatis,
1625 2840 1842 2903 consistimus.
1865 2838 1968 2900 Deinde

435 2937 468 2999 in
490 2938 735 3020 presidentibus
756 2959 881 3002 summe
903 2948 950 3004 est
969 2941 1158 3004 damnabile.
1236 2942 1274 3004 ad
1292 2942 1430 3022 ignotam
1446 2941 1608 3021 regionem
1624 2939 1834 3017 deducimur;
1850 2945 1880 2999 et
1893 2935 1969 3018 quid·

475 3037 635 3101 Postremo
650 3038 806 3101 exteriora
822 3039 904 3102 bona
921 3039 1002 3102 bene
1019 3040 1218 3122 dispensa-C
1236 3041 1313 3122 quid
1345 3039 1397 3101 hic
1431 3039 1566 3120 egimus,
1598 3037 1754 3120 quidquid
1788 3034 1968 3119 pauperibus

434 3153 469 3197 re
492 3136 657 3211 debemus,
681 3137 786 3200 sobrie
808 3138 855 3200 eis
878 3139 1005 3212 utendo,
1030 3138 1182 3201 immode-
1235 3146 1365 3222 propter
1390 3139 1490 3200 Deum
1518 3137 1724 3210 contulimus,
1751 3135 1815 3198 illie
1843 3132 1967 3196 invenie-

435 3242 518 3297 ratos
543 3243 690 3317 sumptus
715 3235 748 3298 in
773 3236 944 3311 alimentis,
968 3237 1179 3310 vestimentis,
1237 3257 1317 3299 mus.
1341 3237 1443 3319 Opera
1464 3235 1551 3299 enim
1576 3235 1744 3298 bominum
1769 3251 1823 3297 eos
1848 3251 1968 3315 sequnn·
1987 3251 2056 3305 imo,

434 3332 623 3396 habitaculis
652 3334 848 3416 familiisque
875 3335 1015 3410 vitando,
1045 3336 1180 3398 eleemo-
1234 3344 1297 3410 tur,
1313 3343 1349 3397 ut
1368 3335 1412 3398 ait
1429 3336 1574 3399 Joannes.
1592 3335 1626 3397 ln
1647 3333 1839 3396 Ecclesiaste
1856 3347 1967 3415 qnoque
1978 3316 2001 3355 ¹³·
2055 3383 2056 3420 ,

434 3450 527 3513 synas
543 3432 643 3512 largas
660 3431 885 3506 faciendo.0ui
902 3441 1007 3496 autem
1023 3434 1181 3496 exteriora
1234 3435 1389 3517 scriptum
1415 3443 1463 3498 est
1486 3452 1494 3497 ε
1517 3433 1604 3496 lfitte
1629 3451 1745 3516 panem
1770 3440 1863 3494 tuum
1886 3446 2056 3512 supeream

434 3527 517 3591 bona
539 3529 710 3593 libidinose
732 3538 764 3592 et
782 3531 896 3594 vitiose
919 3533 1090 3607 consumit,
1107 3531 1180 3594 sub·
1233 3541 1432 3597 transeuntes
1456 3552 1554 3616 aquas
1573 3533 1621 3613 (id
1646 3539 1693 3596 est
1715 3549 1873 3614 pauperes
1893 3547 1966 3593 meu·

436 3628 583 3689 stantiam
606 3628 732 3690 Domini
754 3629 803 3692 sui
826 3630 982 3711 dissipare
1006 3639 1177 3694 censetur:
1233 3633 1399 3714 dicantes),
1423 3633 1498 3715 quia
1517 3640 1589 3715 post
1608 3631 1709 3694 multa
1728 3639 1871 3714 tempore
1894 3629 1966 3691 inre-

288 3739 422 3794 menna.
437 3725 520 3787 sicut
538 3727 577 3788 de
597 3727 729 3808 prodigo
748 3727 818 3791 filio
838 3728 962 3810 legitur,
980 3729 1035 3812 qui
1051 3731 1179 3793 devore—
1236 3732 1304 3794 nies
1329 3731 1430 3794 illum.
1455 3732 1519 3794 Hoc
1544 3739 1593 3795 est
1614 3731 1698 3813 quod
1720 3730 1766 3792 ait
1786 3729 1964 3813 Apostolus:

436 3823 482 3886 vit
506 3823 716 3887 substantiam
740 3846 841 3902 suam,
863 3847 937 3890 cum
958 3829 1180 3892 meretricibus
1235 3831 1294 3904 Oui
1309 3849 1404 3913 parce
1419 3830 1566 3904 seminat,
1583 3846 1677 3912 parce
1695 3835 1727 3892 et
1747 3837 1863 3907 metet;
1879 3817 2055 3907 exquirant

435 3923 572 3985 vivendo
587 3923 757 3987 luxuriose.
770 3925 817 3988 Sit
832 3926 928 4006 igitur
943 3927 1079 4008 quilibet
1095 3927 1182 3990 Cbri-
1235 3929 1371 3991 seminat
1386 3929 1418 3990 in
1434 3927 1724 4002 benedictionibus,
1736 3927 1775 3990 de
1791 3923 1967 3989 benedictio
2046 3861 2055 4013 l

435 4019 583 4084 stifidelis
598 4022 636 4084 ad
653 4040 749 4106 opera
765 4025 991 4089 misericordie
1007 4035 1070 4088 tem
1087 4027 1180 4108 spiri·
1236 4027 1331 4090 nibus
1353 4033 1451 4089 metet
1471 4026 1569 4088 vitam
1592 4033 1755 4089 eternum.

969 4465 1161 4556 SERMO
1199 4468 1449 4555 TERTIUS
1501 4511 1507 4522 ·

748 4732 788 4778 na
808 4731 1023 4778 matronalium
1042 4733 1146 4780 RERUM
1167 4733 1219 4779 PlA
1240 4733 1277 4779 ΕΤ
1297 4733 1398 4780 ΗΒΕΙᾸ
1419 4733 1669 4780 btsrartsartotttt.

499 5010 634 5073 Aetna*
647 5010 734 5069 vobis
747 5011 865 5070 amicos
876 5013 916 5071 de
927 5030 1109 5072 mammona
1121 5011 1309 5074 ini-Udam
1339 5011 1537 5093 precipuum
1568 5030 1603 5073 ac
1632 5010 1820 5075 detectabile
1849 5008 1965 5076 bonum,

515 5109 661 5188 quitatis.
678 5105 753 5168 Luc.
770 5125 832 5181 xvi,
849 5107 877 5170 9.
1238 5109 1506 5191 quemadmodum
1520 5109 1761 5172 Ecclesiasticus
1771 5105 1967 5172 asseritnlmi·
1986 5117 2016 5162 rs
2038 5121 2052 5156 n

478 5207 564 5270 lnter
578 5205 685 5267 omnia
700 5205 781 5268 bona
795 5205 868 5269 vite
883 5207 1059 5289 presentis,
1075 5207 1184 5270 amici·
1237 5225 1294 5268 cus
1319 5206 1437 5281 fidelis,
1464 5207 1619 5288 protectio
1642 5207 1756 5287 fortis;
1780 5207 1835 5290 qui
1860 5183 2018 5269 invenit'*“

438 5307 492 5380 tia,
510 5322 565 5366 seu
581 5321 675 5365 verus
695 5310 727 5364 et
746 5302 852 5364 fidelis
872 5303 1005 5378 amicus,
1022 5313 1069 5366 est
1085 5305 1182 5387 quod·
1238 5304 1341 5379 illum,
1372 5303 1495 5367 invenit
1525 5305 1720 5368 thesaurum.
1753 5305 1865 5369 Amico
1891 5302 1966 5366 fideli
