4164 6258
184 826 598 950 DOMINIGA
645 825 736 950 IV
782 825 994 949 POST
1041 823 1568 950 TRINITATEM

516 1494 822 1580 ENARRATIO
855 1494 909 1580 IN
943 1494 1236 1582 EPISTOLAM

144 1762 284 1808 rxrsruro
305 1761 386 1818 ouon
406 1760 468 1806 nort
490 1759 566 1806 surrr
587 1758 747 1806 corstona
768 1760 933 1808 Passiones
954 1761 1047 1806 nurus
1068 1758 1217 1806 rsuronrs
1237 1760 1280 1806 no
1301 1761 1445 1808 rorensis
1464 1761 1609 1819 onomast,

482 1857 549 1914 oon
570 1857 780 1904 muceranus
802 1859 834 1904 m
855 1859 953 1906 noers.
975 1841 1061 1904 llom.
1079 1857 1144 1916 viu,
1167 1839 1269 1904 leta.

170 2139 292 2202 entus
314 2137 494 2219 Apostolus,
516 2135 555 2199 ad
579 2135 737 2200 fervidum
763 2145 851 2201 aeter-
867 2138 892 2201 Α
908 2138 1026 2210 laetitia,
1043 2145 1143 2200 status
1163 2138 1308 2201 omnium
1330 2138 1486 2202 bonorum
1505 2155 1652 2220 aggrega·

182 2257 230 2300 nae
244 2233 676 2308 beatitudinisdesiderium,
694 2235 852 2317 adaequa-
906 2237 992 2300 tione
1024 2235 1196 2318 perlectus,
1226 2244 1509 2318 consummataque
1537 2235 1652 2300 anima

108 2337 217 2399 nimem
229 2353 353 2418 quoque
366 2333 590 2396 adversitatum
603 2333 850 2416 perpessionem,
906 2343 938 2396 et
966 2335 1108 2416 corporis
1137 2333 1329 2415 glorificatio
1358 2333 1554 2416 sempiterna
1580 2349 1587 2394 τ
1612 2335 1652 2396 ad

108 2443 196 2517 atque
211 2443 246 2497 ut
260 2434 388 2497 Christo
402 2431 686 2514 compatiamur,in
704 2433 851 2513 prasenti
906 2451 1002 2514 quam
1028 2433 1282 2515 promerendam,
1309 2432 1473 2514 passiones
1499 2433 1653 2516 temporis
1746 2483 1751 2490 .

108 2551 160 2596 nos
183 2534 329 2596 hortatur
352 2529 495 2613 epistola,
518 2547 556 2594 eo
579 2530 663 2612 quod
690 2529 852 2593 beatitudo
906 2531 998 2610 hujus
1013 2549 1076 2594 non
1091 2537 1216 2594 exstant
1231 2530 1514 2610 condigna-Sed
1528 2530 1654 2593 videtur

108 2632 158 2693 illa
182 2639 213 2694 et
237 2630 339 2711 gloria
363 2627 656 2712 incomparabiliter
682 2629 783 2709 major
811 2629 851 2690 sit
906 2629 1112 2702 contrarium,
1129 2629 1204 2710 quia
1225 2629 1402 2691 secundum
1427 2629 1581 2704 doctores,
1601 2627 1654 2691 bo·

107 2730 188 2792 omni
212 2727 320 2792 labore
341 2735 373 2790 et
396 2727 602 2790 tribulatione
626 2746 681 2790 seu
704 2727 850 2810 passione
907 2743 959 2788 mo
981 2727 1012 2789 in
1034 2725 1163 2788 caritate
1183 2726 1350 2800 exsistens,
1368 2734 1509 2788 meretur
1523 2726 1561 2788 de
1582 2744 1654 2788 con·

108 2829 176 2891 vita
197 2826 373 2910 presentis.
396 2826 505 2907 ltaque
527 2825 571 2886 ait
594 2841 601 2886 :
906 2823 1003 2904 digno
1024 2823 1120 2885 vitam
1144 2831 1305 2887 aeternam.
1324 2824 1361 2886 Et
1383 2824 1652 2906 respondendum,

145 2929 307 2989 Existimo
328 2942 386 3006 ego
407 2923 521 2987 Paulus
546 2923 719 3005 apostolus,
738 2923 768 2984 id
791 2929 849 2997 est,
906 2922 989 3002 quod
1011 2923 1173 3003 passiones
1193 2921 1291 3003 hujus
1310 2921 1464 3004 temporis
1484 2939 1540 2983 seu
1557 2939 1654 3003 opera

108 3043 249 3106 agnosco,
266 3023 324 3106 qui
349 3023 388 3085 de
410 3020 527 3084 talibus
553 3021 708 3083 veraciter
729 3021 848 3101 judico.
906 3019 1045 3082 caritatis
1068 3019 1310 3083 considerautur
1333 3019 1513 3103 dupliciter.
1536 3019 1651 3093 Primo,

110 3123 186 3186 Dicit
209 3130 330 3194 autem,
354 3119 578 3194 «existimo»,
603 3138 666 3182 non
690 3120 781 3201 quasi
807 3119 852 3180 in·
906 3119 1083 3180 secundum
1105 3118 1190 3200 quod
1212 3118 1388 3200 procedunt
1409 3137 1427 3180 a
1449 3117 1550 3181 libero
1571 3117 1653 3180 arbi·

108 3226 207 3280 certus
227 3227 282 3281 aut
302 3218 465 3292 dubitans,
481 3217 535 3279 sed
556 3217 698 3280 sobrium
720 3217 849 3279 modum
907 3217 978 3288 trio,
1004 3215 1054 3278 rel
1078 3223 1284 3298 acceptentur
1307 3215 1347 3278 ab
1371 3233 1408 3278 eo
1432 3233 1439 3278 :
1462 3223 1494 3278 et
1518 3217 1564 3278 sic
1588 3233 1651 3280 non

109 3317 253 3399 loquendi
278 3336 422 3390 servans,
445 3335 480 3378 ac
505 3315 642 3378 edocens
666 3335 706 3378 ne
732 3310 888 3378 incautiB
908 3323 1071 3376 merentur
1094 3314 1133 3376 de
1163 3313 1320 3395 condigno
1349 3313 1535 3376 felicitatem
1566 3323 1653 3378 aeter·

107 3416 202 3477 simus
231 3416 265 3476 in
295 3414 465 3477 asserendo
489 3432 525 3475 ac
548 3413 731 3494 judicando.
760 3416 852 3481 Quod
907 3413 1104 3485 nemetiam
1127 3412 1238 3474 habitu
1261 3412 1401 3474 caritatis
1420 3412 1581 3492 adjuncto.
1599 3413 1652 3476 Sc-

107 3533 167 3574 non
182 3523 258 3574 sunt
278 3515 462 3589 constipare,
478 3512 510 3574 id
530 3518 579 3573 est
596 3509 745 3593 aquales,
761 3509 851 3572 sulfi—
906 3511 1021 3584 cundo,
1038 3518 1132 3592 prout
1147 3511 1284 3592 Spiritus
1300 3511 1433 3572 Sanctus
1453 3509 1590 3573 liberum
1607 3530 1653 3574 ar-

107 3611 222 3673 cientes
244 3619 276 3673 et
296 3611 553 3693 proportionata,
571 3609 747 3671 secundum
770 3609 851 3689 rigo
905 3608 1038 3670 bitrium
1055 3626 1197 3682 movens,
1214 3615 1261 3670 est
1276 3606 1498 3689 hujuscemodi
1518 3609 1652 3671 actionis

107 3727 169 3771 rem
183 3710 327 3790 justitiae,
342 3709 506 3784 passiones
522 3709 623 3784 liujus
638 3709 803 3783 temporis,
819 3708 851 3768 id
906 3707 957 3768 vel
977 3707 1205 3788 acceptationis
1225 3705 1422 3789 principium
1440 3724 1446 3768 :
1464 3707 1574 3788 sicque
1596 3726 1653 3789 per
1680 3723 1684 3731 ·

107 3817 149 3870 est
164 3807 415 3890 persecutiones
426 3805 627 3880 tentationes,
640 3804 763 3867 labores
779 3805 851 3867 vitae
906 3823 959 3868 eas
976 3812 1115 3866 meretur
1129 3804 1225 3866 bomo
1241 3805 1337 3866 vitam
1359 3813 1509 3868 aternam
1525 3805 1564 3866 de
1580 3823 1653 3868 con-

107 3906 278 3988 prasentis,
295 3906 506 3981 adfuturam
523 3905 678 3980 plort'am,
695 3902 725 3964 id
746 3911 794 3965 est
812 3903 851 3964 ad
906 3903 1012 3982 digno,
1023 3902 1098 3984 quia
1114 3901 1309 3983 principium
1325 3903 1429 3964 meriti
1446 3910 1493 3964 est
1508 3903 1651 3983 ejusdcm

107 4012 250 4066 aternam
268 4001 499 4066 beatitudinem
516 4002 852 4083 promerendamque
906 3999 1057 4063 bonitatis
1091 4019 1165 4062 cum
1201 4001 1340 4083 praemio.
1375 4000 1544 4082 Apostolus
1578 4021 1652 4065 vero

108 4104 304 4162 revelabitur
321 4103 357 4161 ia
371 4101 474 4170 nohis,
486 4099 517 4160 id
533 4107 588 4172 est,
600 4099 683 4161 clare
699 4107 730 4162 et
745 4118 850 4162 coram
906 4117 992 4161 nunc
1008 4099 1149 4180 loquitur
1163 4099 1202 4161 de
1218 4098 1419 4180 passionibus
1435 4101 1539 4181 primo
1560 4100 1653 4162 modo

106 4199 250 4262 omnibus
267 4197 540 4262 intellectualibus
555 4198 716 4272 creaturis,
727 4197 818 4260 nobis
834 4217 852 4260 a
905 4197 1055 4279 acceptia.

107 4299 166 4362 beo
179 4299 290 4362 electis
306 4295 517 4380 praestobitur.
534 4297 626 4378 (Nam
642 4304 796 4378 quantum
812 4299 850 4360 ad
947 4296 1051 4368 Porro,
1068 4295 1153 4377 quod
1167 4295 1268 4374 gloria
1288 4295 1347 4357 ista
1367 4295 1459 4358 nobis
1476 4296 1653 4377 prestanda

107 4416 216 4480 corpus
240 4405 272 4459 et
296 4397 438 4458 animam
466 4387 734 4475 glorificabuntr'rr
758 4396 850 4458 electi
905 4395 957 4467 sit,
974 4401 1206 4474 consequenter
1221 4393 1342 4474 probat.
1358 4395 1444 4456 avom
1459 4396 1653 4470 esspectotio

108 4495 137 4557 iu
162 4503 307 4558 extremo
334 4493 466 4575 judicio.
491 4493 557 4556 lmo
581 4501 612 4555 et
636 4495 690 4576 qui
721 4495 849 4557 interim
865 4495 887 4558 G
905 4503 1079 4562 creaturae,
1096 4492 1128 4553 id
1152 4499 1200 4553 est
1223 4499 1366 4553 creatura
1390 4499 1587 4574 exspectaus,
1609 4491 1653 4554 vi·

106 4593 324 4674 glorificantur
353 4593 385 4654 iu
410 4592 516 4653 anima
539 4591 643 4674 quoad
669 4611 747 4664 rem,
774 4601 851 4654 tunc
906 4590 1022 4653 delicet
1046 4589 1141 4654 homo
1166 4589 1275 4653 viator.
1302 4589 1424 4652 Dicitur
1446 4590 1533 4653 enim
1558 4589 1653 4654 bomo

108 4709 228 4774 quoque
245 4692 278 4753 in
294 4690 402 4753 anima
416 4687 685 4771 glorificabuntur
696 4699 850 4772 quantum
905 4689 1010 4751 omnis
1027 4695 1181 4762 creatura,
1192 4689 1368 4751 secundum
1385 4687 1653 4763 illud,Praedicate
1675 4705 1802 4756 narem,

108 4789 143 4850 ad
158 4787 445 4852 manifestationem
465 4804 472 4848 :
490 4788 597 4870 itaque
613 4794 687 4848 tunc
704 4787 852 4850 omnibus
907 4787 1114 4868 Evangelium
1136 4787 1223 4850 omui
1246 4795 1396 4850 creaturae
1419 4805 1425 4848 :
1446 4789 1562 4869 primo,
1579 4788 1654 4869 quia
1671 4771 1702 4812 ¹⁵·

109 4889 288 4950 ostendetur
306 4885 409 4968 gloria
427 4886 640 4966 eorumdem.)
654 4885 733 4948 lliuc
754 4886 853 4969 loqui·
907 4904 980 4947 oum
1011 4886 1099 4947 omni
1124 4893 1268 4947 creatura
1297 4886 1329 4946 iu
1352 4885 1460 4967 aliquo
1485 4887 1654 4964 convenit;

13 5025 14 5030 κ
38 5013 75 5042 n
110 4993 157 5048 tur
177 4987 321 5050 Christus
339 5002 346 5046 :
364 4984 466 5058 Quum
489 4982 629 5046 feceritis
651 4984 759 5048 omnia
783 5005 853 5067 quae
897 4970 1058 5057 seeundo,
1071 4992 1200 5066 propter
1215 4984 1533 5066 excellentiamque
1548 4985 1656 5047 omnia

13 5089 15 5100 '
111 5093 263 5166 precepta
279 5090 355 5145 sunt
368 5082 576 5157 vobis,dicite
594 5103 601 5146 :
619 5083 707 5145 Servi
725 5083 853 5144 inutiles
907 5082 1084 5164 corporalia
1105 5091 1234 5165 proptor
1254 5083 1359 5164 ipsum
1375 5091 1479 5146 creata
1495 5090 1577 5146 sunt.
1595 5087 1655 5146 Ite·
1679 5099 1801 5148 mansa

111 5202 226 5246 sumus.
252 5183 326 5246 llaec
355 5181 473 5246 etenim
497 5180 608 5262 gloria,
634 5189 682 5244 est
707 5181 856 5244 beatifica
909 5183 1101 5242 velationem
1115 5183 1262 5259 filiorum
1279 5183 1341 5242 Dei
1355 5191 1528 5258 exspectat,
1546 5181 1576 5243 id
1597 5189 1655 5253 est,

111 5279 222 5345 divine
237 5280 384 5344 essentia
398 5279 492 5354 visio,
502 5279 596 5362 plena
612 5279 727 5342 mentis
743 5280 774 5342 in
792 5280 855 5342 Deo
911 5279 1200 5344 manifestationem
1223 5278 1429 5342 beatitudinis
1449 5300 1505 5343 seu
1526 5280 1658 5343 manife-
