4154 6258
466 505 611 554 norumm
633 507 674 554 xv
694 506 767 553 rosr
787 505 980 554 mmuarsu.
1001 522 1042 536 -
1062 505 1160 554 sunuo
1182 505 1334 556 sscuunus
1614 492 1674 557 tte

122 680 172 735 est
188 671 248 736 ista
262 673 442 738 animarum
462 675 596 752 insania,
612 675 757 740 amittere
773 677 871 740 vitam
887 673 914 739 t
929 677 1023 759 plena
1054 677 1205 740 vitiorum
1239 676 1363 752 foetore,
1396 677 1673 740 immunditiarum

122 771 243 852 gratim,
259 781 411 856 appetere
425 783 560 837 mortem
578 775 691 858 culpa,
707 775 872 858 acquirere
927 793 1046 848 amore,
1069 775 1234 857 pravitatis
1258 773 1456 857 obliquitate,
1480 775 1615 838 carnalis
1637 793 1674 837 ac

122 886 250 946 aurum,
267 878 299 934 et
320 873 453 954 perdere
475 873 614 937 coeluml
928 872 1089 937 saecularis
1103 873 1280 955 prudentie
1295 873 1476 948 stoliditate,
1494 872 1624 936 introire
1641 874 1674 935 in

163 967 227 1030 Alii
253 969 397 1032 serviunt
426 969 564 1046 diabolo,
591 979 626 1034 ut
648 970 790 1053 superbi,
816 971 872 1053 qui
927 989 965 1032 ea
979 971 1033 1035 vix
1049 977 1152 1052 potest
1165 970 1243 1034 odor
1257 970 1582 1052 virtutum‚puritatis
1598 971 1674 1034 dile

2 1085 109 1136 vemas.
123 1065 288 1129 diabolum
303 1069 445 1131 omnium
459 1086 566 1150 regern
579 1070 790 1152 superborum
807 1089 874 1152 spe·
928 1068 1001 1142 etio,
1008 1068 1140 1149 justitiae
1156 1069 1323 1142 rectitudo,
1332 1069 1496 1152 sapientie
1511 1068 1670 1152 splendor.

123 1162 249 1226 cialiter
263 1164 437 1228 imitantur.
453 1166 533 1229 Nam
548 1168 690 1249 primum
705 1175 872 1250 peecatum
926 1167 1152 1229 Verumtamen
1168 1167 1207 1228 de
1222 1167 1268 1228 eis
1283 1167 1517 1249 desperandum
1534 1185 1597 1230 uon
1613 1175 1671 1243 est,

122 1261 243 1326 diaboli
257 1262 320 1326 luit
334 1264 495 1347 superbia,
511 1273 544 1328 et
559 1285 660 1349 usque
676 1267 715 1328 ad
732 1284 871 1348 presens
927 1265 1002 1347 quia
1015 1264 1157 1328 converti
1170 1271 1310 1346 possunt.
1319 1265 1449 1346 Propter
1459 1265 1544 1347 quod
1557 1266 1673 1328 clamat

123 1369 232 1425 manet
254 1361 287 1425 in
307 1381 354 1437 ea,
375 1380 439 1428 non
459 1363 605 1427 obstante
624 1364 712 1427 omui
735 1383 792 1428 sua
813 1365 872 1428 mi·
927 1362 965 1425 ad
988 1380 1042 1426 eos
1063 1363 1159 1426 isaias
1180 1363 1360 1444 propbeta:
1381 1362 1502 1437 ltedite,
1524 1363 1672 1445 praevari-
1685 1387 1816 1439 raaces.

122 1461 216 1524 seria.
240 1460 292 1524 Sic
311 1462 452 1544 superbi,
474 1462 704 1526 nonobstante
724 1463 873 1547 quodtot
929 1468 1061 1536 catores,
1083 1460 1122 1523 ad
1146 1478 1211 1535 cor,
1232 1461 1292 1524 hoe
1316 1469 1375 1534 est,
1400 1461 1597 1524 considerate
1617 1480 1673 1526 vos

121 1559 302 1622 vilitatibus
331 1568 363 1622 ct
390 1559 586 1624 loeditatibus
616 1562 703 1644 pleni
734 1568 809 1624 sunt
840 1563 872 1624 in
929 1558 1026 1642 ipsos,
1052 1566 1182 1642 peccata
1205 1566 1310 1621 vestra
1333 1559 1532 1642 perpendite,
1557 1568 1676 1642 quauta

123 1676 257 1742 corpore
280 1666 312 1722 et
332 1658 448 1734 anima,
469 1659 554 1742 quod
579 1668 625 1723 tot
646 1661 784 1742 peccatis
805 1679 875 1742 gra·
929 1657 1020 1720 vobis
1033 1657 1128 1720 instet
1140 1657 1302 1720 damnatio
1314 1657 1531 1733 intuemini,et
1543 1659 1674 1723 horrete.

122 1765 251 1832 vantur,
277 1758 361 1841 quod
391 1765 436 1821 tot
466 1759 619 1840 periculis
645 1767 770 1822 eterne
799 1768 874 1822 suut
969 1757 1059 1820 Nunc
1075 1773 1161 1837 ergo,
1176 1756 1267 1837 juxta
1281 1756 1397 1820 Cbristi
1414 1757 1604 1834 doctrinam,
1617 1759 1677 1822 soli

123 1856 337 1920 damnationis
352 1856 497 1939 expositi,
505 1856 570 1920 imo
585 1856 711 1920 interno
724 1857 789 1939 jam
806 1875 875 1940 pro
891 1859 915 1922 B
930 1855 994 1917 Deo
1015 1855 1171 1918 altissimo
1193 1854 1318 1937 placere
1340 1874 1377 1917 ac
1403 1855 1564 1920 deservire
1586 1875 1677 1920 cone·

123 1953 216 2028 ximi,
233 1962 344 2038 utpote
365 1955 399 2016 iu
419 1961 502 2017 statu
524 1955 737 2018 damnationis
757 1957 874 2019 lamen·
930 1972 1012 2026 mur,
1029 1953 1194 2016 avaritiam
1214 1959 1246 2014 et
1267 1952 1516 2017 sollicitudinem
1536 1962 1676 2018 terreno·

124 2050 266 2113 labiliter
281 2051 457 2126 constituti,
474 2052 576 2114 nibilo
595 2053 703 2115 minus
721 2053 874 2116 insensati
929 2071 1000 2114 rum
1022 2052 1263 2114 immoderatam
1282 2051 1401 2133 jugiter
1422 2053 1628 2128 detestemur,
1645 2061 1677 2117 et

124 2155 156 2211 et
185 2149 347 2224 excaecati,
377 2157 513 2224 tument,
543 2150 750 2224 extolluntur,
776 2169 874 2233 seque
929 2149 1087 2232 spirituali
1116 2167 1223 2213 amore
1247 2150 1417 2232 diligamus
1447 2169 1504 2215 nos
1529 2153 1615 2235 ipsos
1639 2170 1675 2215 ac

124 2247 330 2311 honorabiles
352 2247 557 2323 arbitrantur,
575 2267 675 2331 quum
699 2249 786 2312 omui
810 2249 875 2311 sint
929 2249 1018 2311 alios.
1044 2249 1133 2310 llulti
1159 2249 1279 2332 quippe
1308 2249 1395 2312 lilios
1419 2267 1553 2313 suasae
1577 2250 1674 2328 filias,

125 2345 194 2410 luto
214 2354 247 2409 et
265 2354 404 2409 stercore
423 2347 552 2410 viliores
570 2365 607 2410 ac
629 2347 797 2428 turpiores.
815 2347 875 2410 lle-
929 2347 1126 2430 propinquos
1148 2366 1184 2410 ae
1205 2355 1326 2411 ceteros
1346 2348 1514 2412 carnaliter
1532 2368 1569 2411 ac
1589 2368 1677 2412 men·

2 2462 109 2514 retas.
125 2446 187 2508 rito
212 2463 288 2527 ergo
310 2446 355 2508 ait
383 2445 546 2530 Scriptura
572 2463 580 2508 ε
606 2445 741 2510 Odibilis
767 2462 874 2509 coram
929 2445 1048 2508 daciter
1063 2445 1212 2526 diligunt,
1229 2446 1306 2508 dum
1327 2446 1374 2509 eis
1391 2446 1580 2529 temporalia
1592 2447 1676 2511 bona

124 2544 191 2608 Deo
212 2552 245 2606 et
264 2543 451 2607 bominibus
472 2551 521 2608 est
541 2544 702 2627 superbia.
929 2545 1079 2627 colligere
1098 2563 1161 2608 uon
1181 2544 1350 2620 desistunt,
1368 2551 1403 2607 ut
1422 2546 1455 2608 in
1474 2546 1535 2609 boc
1557 2547 1677 2626 mundo

164 2643 329 2718 Praeterea,
347 2643 433 2706 istud
454 2644 538 2726 quod
561 2643 682 2706 dictum
705 2651 763 2718 est,
780 2661 874 2726 quos·
929 2644 1080 2718 ditentur,
1094 2643 1290 2706 honorentur
1304 2661 1340 2706 ac
1357 2651 1585 2725 prosperentur
1599 2662 1606 2706 :
1620 2663 1678 2728 per

124 2742 200 2804 darn
215 2742 335 2805 servire
351 2741 581 2824 cami‚aliquos
596 2742 769 2818 mundo,et
782 2759 875 2824 quos·
929 2743 1013 2826 quod
1030 2761 1064 2806 se
1079 2743 1166 2825 ipsos
1185 2761 1222 2804 ac
1244 2741 1315 2804 illos
1336 2741 1549 2805 infernalibus
1566 2749 1679 2825 parant

123 2841 199 2904 dam
215 2840 353 2915 diabolo,
370 2839 613 2922 intelligendum
629 2847 677 2904 est
691 2859 749 2923 per
763 2859 874 2924 quam·
929 2841 1105 2904 tormentis.
1123 2840 1211 2902 Unde
1227 2838 1353 2919 legitur,
1371 2840 1456 2922 quod
1470 2839 1533 2902 luit
1546 2841 1677 2922 quidam

123 2940 199 3002 dam
214 2938 647 3022 appropriationem.Uertum
662 2947 711 3002 est
724 2940 873 3023 equidem
929 2940 1018 3003 dives
1040 2956 1154 3001 avarus
1176 2937 1262 3000 lilios
1287 2937 1408 3001 habeus
1433 2938 1522 3013 duos,
1539 2955 1676 3021 quorum

123 3038 212 3120 quod
227 3039 423 3120 quicumque
443 3037 619 3101 mortaliter
638 3045 759 3120 peceat,
775 3039 874 3102 servit
892 3040 913 3104 U
929 3057 1013 3100 unus
1028 3037 1139 3100 uolens
1155 3036 1236 3118 patri
1251 3037 1422 3100 succedere
1438 3037 1470 3098 iu
1486 3037 1608 3099 divitiis
1623 3055 1677 3121 pe·

123 3136 263 3200 diabolo.
281 3137 403 3199 ldcirco
416 3136 532 3217 gulosi,
549 3136 715 3211 luxuriosi,
731 3138 829 3211 avari,
842 3145 874 3200 et
929 3135 1066 3198 riculose
1086 3135 1221 3217 adeptis,
1238 3133 1340 3198 lactus
1360 3143 1409 3197 est
1427 3135 1569 3198 eremita.
1586 3135 1676 3198 Alius

123 3253 240 3298 ornnes
269 3234 383 3317 iniqui,
409 3235 608 3298 demonibus
632 3235 792 3314 serviunt3
818 3237 872 3298 sed
928 3234 1018 3296 lilius
1034 3233 1151 3296 mansit
1165 3251 1238 3296 curn
1259 3241 1359 3315 patre,
1376 3235 1510 3316 cupiens
1525 3234 1554 3298 ei
1575 3235 1609 3297 in
1624 3234 1676 3298 he·

121 3353 183 3417 per
198 3333 490 3416 appropriationem
510 3338 703 3415 praetactam,
720 3333 823 3414 gulosi
843 3340 875 3396 et
928 3332 1061 3395 reditate
1090 3332 1260 3393 succedere
1287 3347 1294 3392 :
1320 3330 1405 3413 quod
1434 3331 1531 3393 etiam
1554 3330 1675 3394 iactum

122 3431 244 3495 lubrici
260 3431 379 3494 servire
394 3431 546 3494 dicuntur
561 3431 660 3506 carni,
676 3431 762 3494 avari
782 3451 873 3494 mun·
929 3438 986 3492 est.
1005 3428 1225 3510 Defunctoque
1240 3435 1340 3512 patre,
1357 3427 1527 3492 defunctus
1543 3436 1591 3492 est
1605 3438 1677 3512 post

120 3531 176 3606 do,
194 3528 326 3612 superbi
342 3528 479 3592 diabolo.
489 3529 558 3604 Sed,
569 3529 648 3611 prob
657 3523 767 3592 ‘dolort
781 3528 873 3592 multi
929 3529 1091 3592 modicum
1113 3535 1240 3609 tempus
1265 3534 1297 3588 et
1317 3525 1406 3590 lilius
1429 3527 1499 3609 ejus
1523 3527 1593 3590 iste.
1609 3528 1677 3602 Quo

117 3629 189 3709 iam
212 3635 287 3690 sunt
306 3627 361 3709 qui
382 3635 447 3690 tam
467 3628 555 3690 carui
574 3645 669 3710 quam
691 3628 810 3691 mundo
831 3635 874 3692 at
929 3626 1066 3707 cognito,
1091 3624 1295 3688 contristatus
1320 3631 1369 3686 est
1392 3625 1536 3700 eremita,
1559 3627 1677 3689 timeus

120 3745 188 3810 que
214 3725 341 3789 diabolo
365 3725 596 3809 obsequuntur,
622 3726 774 3808 quoniam
803 3727 873 3788 uui·
928 3726 968 3787 de
987 3723 1086 3808 patris
1106 3722 1156 3786 sui
1178 3741 1215 3785 ac
1234 3721 1341 3785 fratris
1364 3723 1567 3788 damnatione
1589 3733 1677 3788 aeter·

117 3825 228 3888 versis
246 3824 333 3886 vitiis
352 3825 418 3906 J'am
438 3824 596 3906 praetactis
614 3843 651 3886 ac
672 3825 744 3888 aliis
764 3825 873 3888 multis
929 3841 987 3903 ua3
1003 3821 1168 3903 oravitque
1187 3821 1372 3896 Dominum,
1390 3830 1426 3883 ut
1444 3821 1543 3904 patris
1558 3841 1596 3886 ae
1617 3823 1677 3885 lra-

119 3923 301 4006 replentur.
318 3923 371 3985 lsti
397 3921 544 4005 pluribus
568 3923 713 3986 serviunt
734 3923 872 3986 dominis
928 3921 986 3984 tris
1006 3921 1056 3984 sui
1076 3927 1193 3984 statum
1213 3918 1275 3981 sibi
1295 3921 1461 3983 ostendere
1481 3921 1674 4002 dignaretur.

117 4041 224 4106 quam
247 4020 371 4084 duobus
388 4039 395 4084 :
412 4021 477 4083 imo
501 4027 547 4083 tot
570 4021 708 4084 dominis
730 4022 873 4085 serviunt
927 4019 1181 4100 benignissimus
1197 4035 1274 4080 vero
1289 4017 1372 4080 Ueus
1387 4037 1499 4101 preces
1515 4020 1675 4083 sanctissi-

116 4141 158 4185 ac
174 4120 370 4194 subduntur,
381 4127 459 4202 quot
473 4126 602 4202 peecata
617 4121 831 4196 committunt,
841 4129 873 4183 et
928 4119 971 4182 mi
986 4117 1123 4181 eremite
1139 4116 1285 4180 celeriter
1298 4117 1553 4180 exaudivit:nam
1568 4127 1675 4202 raptus

117 4228 203 4305 quot
218 4219 324 4303 pravis
338 4218 505 4282 desideriis
519 4217 766 4283 devincuntur.0
781 4238 874 4303 quan·
887 4220 912 4283 U
927 4227 976 4282 est
1000 4217 1054 4280 ille
1079 4215 1222 4290 eremita,
1242 4221 1337 4296 atque
1362 4215 1394 4278 iu
1420 4217 1535 4298 spiritu
1559 4217 1674 4282 ductus

115 4329 151 4384 ta
169 4326 223 4382 est
236 4317 354 4390 vilitas,
365 4316 530 4398 turpitudo
544 4323 577 4380 et
596 4317 801 4380 immunditia
815 4317 873 4382 ini·
928 4323 976 4380 est
990 4316 1028 4379 ad
1045 4314 1217 4378 infernum.
1230 4313 1289 4376 Ubi
1304 4332 1404 4395 quum
1421 4330 1484 4376 uon
1500 4315 1675 4378 invenisset

115 4423 285 4503 quorum!
313 4415 403 4480 Certe
427 4414 516 4477 nulla
541 4415 652 4478 mundi
677 4416 784 4479 cloaca
807 4423 872 4480 tam
928 4423 1052 4500 patrem
1068 4431 1161 4476 suum
1177 4431 1213 4475 ac
1229 4411 1371 4486 tratrem,
1388 4413 1584 4495 exspectavit
1598 4432 1675 4496 pau·

114 4515 233 4600 turpis
251 4521 283 4578 et
300 4513 410 4578 loetida
432 4521 481 4576 est
500 4530 606 4577 coram
626 4514 822 4591 bominibus,
839 4523 875 4580 ut
929 4515 1046 4597 lisper3
1062 4519 1094 4575 et
1108 4511 1254 4594 protinus
1272 4510 1354 4573 vidit
1373 4517 1494 4593 patrem
1516 4530 1610 4574 suum
1626 4531 1678 4576 ex·

113 4615 236 4680 anima
251 4613 491 4694 transgressoris
508 4629 614 4676 coram
635 4613 736 4676 oculis
752 4613 874 4678 Create
930 4621 1059 4677 euntem
1076 4611 1114 4674 de
1134 4610 1272 4694 quodam
1293 4617 1390 4691 puteo
1409 4610 1559 4673 infernali
1579 4611 1679 4674 sullu-

114 4716 177 4780 ris.
210 4712 298 4775 Unde
326 4727 402 4791 ergo
429 4710 587 4793 superbis,
611 4729 667 4774 vas
696 4711 872 4794 putridum,
930 4731 994 4788 reo,
1011 4719 1043 4773 et
1067 4709 1173 4772 statim
1199 4709 1354 4792 posthoc
1378 4709 1418 4772 de
1443 4710 1555 4773 eodem
1582 4719 1679 4793 puteo

114 4810 329 4893 mancipium
342 4808 503 4883 vitiorum,
516 4827 606 4872 serve
621 4809 814 4893 diaboli,qui
831 4813 876 4875 iu·
929 4811 1011 4874 vidit
1044 4809 1175 4872 tratrem
1206 4826 1301 4870 suum
1335 4808 1562 4888 egredientem.
1593 4810 1679 4872 Vidit

113 4907 318 4975 felicissime
346 4907 447 4970 servis
477 4914 541 4969 tam
573 4907 744 4990 multiplici
772 4909 875 4992 culpae
931 4927 1058 4993 quoque
1073 4907 1159 4990 quod
1178 4914 1268 4989 pater
1287 4925 1364 4969 suus
1384 4906 1520 4969 attilius
1537 4907 1677 4990 ejusille

3 5041 95 5090 „qva
114 5005 280 5075 mortalit
295 5006 424 5080 Verum,
442 5013 477 5068 ut
490 5005 534 5069 ait
548 5006 728 5089 Apostolus,
741 5008 875 5070 carnalis
931 5009 1100 5072 damnatus
1119 5024 1153 5068 se
1177 5005 1314 5068 invicem
1335 5005 1523 5068 mordebant
1544 5013 1576 5068 et
1593 5005 1677 5068 ailli-

110 5112 226 5176 nomo
241 5123 304 5169 nou
320 5106 402 5189 sapit
415 5123 452 5168 ea
468 5125 538 5187 quae
556 5113 632 5168 sunt
646 5106 782 5188 Spiritus
801 5107 875 5187 Uei3
930 5107 1057 5188 gebaut,
1066 5104 1217 5186 litigando
1232 5104 1374 5168 dicentes
1390 5111 1502 5167 mutuo
1516 5105 1675 5187 imprope-

110 5205 267 5275 stultitia
280 5205 366 5268 enim
381 5211 430 5269 est
449 5204 507 5268 illi.
524 5205 627 5280 Quum
648 5205 735 5269 enim
751 5206 876 5289 iniquo·
931 5205 1046 5268 ratoria
1070 5202 1177 5267 verba.
1193 5204 1282 5267 Pater
1306 5203 1455 5286 equidem
1476 5202 1547 5266 lilio
1568 5203 1672 5267 dixit:

109 5325 198 5374 rum
216 5311 313 5386 atque
328 5303 502 5367 camalium
518 5303 686 5367 bominum
701 5304 796 5367 corda
810 5305 875 5368 siut
931 5303 1115 5368 Maledictus
1131 5303 1174 5365 sis
1193 5309 1239 5378 tu,
1256 5303 1331 5384 quia
1350 5308 1385 5363 ut
1404 5308 1434 5364 te
1449 5301 1584 5364 ditarem
1603 5321 1676 5366 ava·

256 5437 290 5490 ⁹1¹.
307 5440 345 5492 30.
1064 5491 1066 5495 ,
1520 5435 1551 5490 29
