4140 6258
397 495 457 562 3l6
764 515 913 564 nonnum
934 517 966 563 11
987 517 1060 564 ross
1080 515 1274 564 rnrmmrsa.
1295 533 1336 546 -
1356 515 1455 564 sanuo
1475 516 1586 564 ramus

434 686 587 750 Praeterea
609 685 852 762 advertendum,
869 687 954 770 quod
979 686 1142 769 Scriptura
1158 687 1184 750 A
1200 685 1398 769 concupiscit
1411 685 1560 750 adversus
1575 686 1775 770 spiritum,ut
1789 702 1852 749 non
1865 704 1936 769 qua

392 784 503 849 divina
522 783 664 867 loquitur
678 784 718 846 de
733 784 854 866 duplici
870 784 1140 867 concupiscentia,
1199 803 1337 868 cumque
1359 786 1468 860 vultis,
1485 786 1540 848 illa
1561 785 1694 850 iacietis.

392 882 543 946 videlicet
565 882 718 946 sensitiva
738 890 770 946 et
794 882 998 946 intellectiva.
1022 883 1142 947 Concu·
1239 884 1343 946 Simili
1360 884 1455 949 modo
1475 883 1736 967 concupiscentia
1754 883 1935 946 intellectiva

391 981 549 1065 piscantia
568 981 721 1045 sensitiva
744 989 793 1044 est
816 982 849 1044 in
875 982 1027 1045 interiori
1043 983 1142 1045 sensi·
1199 1001 1262 1044 una
1285 990 1333 1045 est
1357 984 1509 1058 virtuosa,
1536 983 1664 1066 quando
1688 982 1840 1045 videlicet
1861 1001 1934 1044 sum·

392 1079 522 1162 tivoque
551 1079 708 1162 appetitu,
734 1087 846 1161 estque
870 1079 1066 1143 desiderium
1096 1079 1141 1141 rei
1199 1099 1288 1143 mum
1303 1100 1340 1144 ac
1356 1081 1633 1164 simplicissimum
1652 1081 1774 1144 bonum
1791 1079 1934 1143 desidera·

393 1177 577 1252 materialis,
593 1186 739 1252 terrena,
757 1178 929 1241 sensibilis.
948 1179 991 1242 lle
1011 1198 1074 1261 qua
1088 1178 1143 1241 Ee·
1199 1198 1271 1242 mus
1285 1199 1366 1263 pure
1381 1187 1436 1242 aut
1450 1179 1671 1262 principaliter
1688 1186 1821 1262 propter
1836 1197 1934 1260 puram

244 1288 378 1342 Booti-xva.
393 1276 591 1340 clesiasticus
613 1277 727 1338 asserit
744 1296 751 1340 :
769 1276 800 1339 Si
823 1277 1008 1360 praestiteris
1027 1277 1142 1340 animae
1199 1286 1230 1341 et
1245 1277 1541 1341 incommutabilem
1557 1277 1732 1340 bonitatem
1748 1277 1862 1359 ipsius,
1874 1275 1934 1357 jux·

246 1356 280 1396 ³¹·
393 1383 456 1439 tuta
485 1374 761 1457 concupiscentias
790 1375 871 1457 ejus,
902 1376 1020 1439 lacient
1047 1384 1079 1438 te
1109 1376 1142 1438 in
1199 1384 1231 1439 ta
1250 1377 1330 1439 illud
1353 1377 1386 1439 in
1406 1376 1530 1440 Psalmo
1547 1394 1554 1439 :
1571 1375 1848 1450 Quemadmodum
1865 1375 1935 1436 desi·
1957 1389 2035 1438 aas

393 1473 546 1556 gaudium
567 1472 706 1536 inimicis
722 1474 794 1536 tuis.
813 1473 1076 1556 Concupiscentia
1095 1474 1142 1536 in·
1198 1476 1287 1538 derat
1304 1493 1417 1538 cervus
1437 1475 1475 1537 ad
1495 1474 1599 1537 iontes
1618 1493 1787 1557 aquarum,
1806 1473 1849 1535 ita
1865 1473 1937 1534 desi·

393 1571 555 1636 telleetiva
569 1580 618 1635 est
629 1572 662 1634 in
675 1572 844 1646 voluntate,
853 1592 922 1654 quas
935 1580 983 1636 est
997 1573 1143 1655 superior
1199 1574 1287 1636 derat
1302 1573 1408 1636 anima
1424 1592 1494 1636 mea
1510 1573 1548 1635 ad
1563 1573 1709 1648 te,lleus.
1720 1571 1838 1654 Sisque
1853 1571 1937 1634 lsaias

395 1670 671 1753 intellectivusque
683 1672 859 1753 appetitus;
871 1679 982 1754 estque
995 1671 1142 1754 concupi·
1199 1672 1340 1754 loquitur
1361 1673 1424 1735 Deo
1441 1689 1448 1734 :
1465 1671 1581 1734 Anima
1604 1689 1675 1734 mea
1699 1670 1892 1734 desideravit
1912 1677 1937 1731 te
1954 1685 2040 1728 raum
2060 1658 2061 1728 l

395 1770 516 1832 scentia
531 1769 590 1831 ista
604 1768 799 1832 desiderium
815 1769 870 1832 bei
887 1775 918 1832 et
931 1769 1142 1852 spiritualium
1199 1771 1231 1833 in
1247 1777 1349 1833 noete.
1367 1771 1422 1833 Est
1436 1770 1533 1833 etiam
1549 1769 1813 1851 concupiscentia
1828 1768 1885 1831 ista
1899 1768 1938 1830 in·
2060 1763 2061 1780 ²

395 1886 513 1930 rerum.
537 1869 580 1931 De
605 1887 665 1950 qua
693 1867 725 1929 in
750 1867 972 1931 Ecclesiastico
996 1868 1111 1949 legitur
1132 1885 1139 1932 :
1160 1863 1388 1932 Btellectualis
1403 1869 1555 1943 virtuosa,
1572 1869 1649 1931 dum
1665 1868 1749 1931 bona
1764 1868 1939 1950 creataspi·

247 1989 379 2038 raama.
395 1965 488 2028 Auris
508 1965 592 2030 bona
610 1984 685 2028 cum
705 1967 793 2029 omni
814 1967 1073 2048 concupiscentia
1090 1986 1142 2029 au·
1198 1967 1335 2042 ritualia,
1360 1974 1395 2029 ut
1422 1967 1589 2030 seientiam
1619 1975 1651 2029 et
1677 1966 1826 2040 virtutes,
1852 1985 1939 2048 appe·

248 2063 461 2142 cepaeadiat
490 2064 692 2147 sapientiam.
723 2065 762 2126 Et
791 2064 923 2147 Sapiens
951 2065 996 2126 ait
1025 2084 1032 2128 :
1064 2065 1142 2129 Con·
1197 2067 1295 2128 timus
1324 2066 1363 2128 ad
1393 2065 1449 2128 liei
1479 2066 1645 2140 honorem,
1675 2073 1711 2128 ut
1740 2084 1800 2147 per
1829 2083 1881 2128 eas
1907 2066 1939 2126 ad

395 2163 594 2245 cupiscentia
615 2163 779 2244 sapientia
799 2163 928 2226 deducit
947 2163 984 2225 ad
1009 2183 1142 2245 regnum
1198 2165 1428 2227 beatitudinem
1444 2163 1850 2245 pertingamus,lleumquc
1865 2162 1942 2225 debi·
2061 2146 2062 2210 l

249 2284 287 2328 rs.
299 2296 382 2334 naara,
396 2269 597 2343 perpetuum.
609 2261 712 2343 Atque
727 2262 760 2323 in
775 2261 898 2325 Psalmo
915 2281 922 2324 :
940 2262 1144 2344 Concupiseit
1197 2271 1228 2326 te
1242 2281 1442 2325 veneremur.
1459 2263 1554 2325 Porro
1574 2262 1840 2345 concupiscentia
1860 2261 1942 2324 intel-

249 2351 268 2390 ³·
396 2367 427 2422 et
448 2359 560 2421 delicit
581 2359 688 2421 anima
710 2378 780 2421 mea
802 2360 835 2421 in
857 2360 935 2422 atria
957 2360 1093 2423 Domini.
1197 2359 1342 2422 lectualis
1362 2359 1477 2422 vitiosa
1491 2367 1549 2435 est,
1567 2359 1643 2422 dum
1659 2358 1782 2422 bonum
1804 2359 1943 2441 spiritua·

438 2457 593 2538 lienique,
611 2457 825 2519 communiter
839 2457 956 2519 dieitur
970 2459 1055 2540 quod
1071 2476 1142 2521 con·
1198 2458 1313 2532 le,sive
1329 2457 1506 2520 increatum
1523 2457 1590 2520 sive
1607 2457 1942 2539 creatum,appetimus

396 2555 594 2638 cupiscentia
615 2555 768 2618 sensitiva
790 2555 831 2618 sit
850 2555 974 2630 vitiosa,
991 2557 1142 2639 concupi·
1198 2564 1328 2639 propter
1359 2555 1537 2638 proprium,
1573 2553 1698 2617 carnale
1732 2554 1942 2638 temporalcve

395 2653 517 2717 scentia
531 2661 637 2716 autem
654 2653 848 2717 intellectiva
863 2655 904 2716 sit
918 2654 1067 2717 virtuosa.
1085 2656 1142 2718 l'e·
1198 2655 1402 2719 commodum
1419 2671 1426 2716 ε
1444 2653 1491 2716 sic
1512 2652 1605 2715 multi
1621 2652 1695 2715 vani
1716 2660 1748 2716 et
1769 2652 1882 2716 miseri
1896 2653 1943 2714 ho

394 2759 586 2827 rumtamen,
599 2752 625 2814 si
642 2751 793 2815 subtilius
809 2753 1038 2827 consideretur,
1051 2752 1143 2817 aliter
1199 2753 1300 2816 mines
1322 2753 1457 2834 cupiunt
1477 2751 1624 2815 notitiam
1646 2751 1898 2834 Scripturarum,
1917 2759 1943 2813 ct

393 2850 655 2932 distinguendum
672 2850 742 2924 erit,
759 2859 854 2933 atque
869 2850 1041 2913 dicendum
1057 2852 1141 2933 quod
1196 2851 1304 2935 aliqua
1324 2870 1362 2914 ex
1383 2868 1441 2914 suo
1459 2869 1577 2931 genere
1596 2849 1680 2913 bona
1695 2849 1861 2924 afliciunt,
1878 2869 1944 2932 qua·
2062 2903 2063 2940 Ξ

394 2949 654 3031 concupiscentia
673 2956 807 3031 utraque
823 2957 870 3011 est
886 2949 1015 3031 duplex,
1033 2957 1141 3032 utpote
1197 2959 1289 3012 tenus
1314 2949 1354 3011 ab
1377 2948 1563 3012 hominibus
1589 2949 1799 3024 honorentur,
1823 2948 1944 3010 lauden-

393 3047 534 3110 virtuosa
553 3054 583 3109 et
603 3046 725 3110 vitiosa.
744 3046 798 3109 Est
819 3064 894 3128 crgo
916 3049 1142 3130 concupiscen—
1161 3045 1258 3123 Ctur,
1267 3056 1299 3111 et
1314 3048 1397 3112 bona
1412 3046 1588 3129 corporalia
1603 3045 1835 3128 adipiscantur.
1845 3047 1944 3128 ltaque

393 3146 437 3208 tia
465 3145 618 3208 sensitiva
650 3164 713 3207 una
741 3145 893 3220 virtuosa,
924 3145 987 3207 alia
1015 3146 1138 3208 vitiosa.
1198 3145 1492 3228 concupiscentiam
1509 3144 1667 3218 vitiosam,
1681 3151 1746 3206 tam
1762 3145 1944 3207 sensitivam

393 3245 540 3307 Virtuosa
554 3251 612 3318 est,
622 3245 698 3307 dum
715 3244 877 3326 appetitus
893 3245 1065 3306 sensitivus
1079 3245 1141 3307 ier·
1197 3264 1293 3327 quam
1320 3243 1560 3316 intellectivam,
1582 3260 1712 3325 prorsus
1736 3242 1944 3323 abjiciamus;

394 3350 446 3404 tur
469 3342 501 3404 in
525 3360 620 3404 suum
643 3341 806 3423 objectum
831 3342 1008 3404 seeundum
1030 3361 1142 3405 censu·
1198 3341 1491 3424 concupiscentiam
1514 3358 1589 3404 vero
1611 3340 1789 3404 virtuosam
1814 3348 1848 3404 et
1870 3340 1945 3404 ordi·
2063 3393 2064 3400 ,

393 3460 461 3504 ram
486 3447 518 3502 et
542 3440 688 3503 ordinem
714 3441 856 3516 rationis,
879 3441 1039 3516 videlicet,
1065 3443 1141 3504 dum
1197 3449 1315 3514 natam,
1343 3447 1407 3502 tam
1436 3439 1622 3502 sensitivam
1652 3457 1749 3521 quam
1781 3438 1946 3502 intellecti·

393 3538 522 3621 aliquod
551 3539 703 3602 sensibile
732 3538 853 3602 bonum
883 3539 1142 3621 concupiscimus
1197 3558 1282 3613 vam,
1298 3538 1588 3621 apprehendamus,
1606 3538 1706 3600 Deum
1728 3537 1946 3619 superomnia

393 3637 549 3710 ordinate,
569 3638 745 3700 secundum
772 3639 857 3720 quod
883 3645 967 3700 recta
992 3638 1072 3700 ratio
1096 3639 1141 3700 di·
1198 3657 1277 3721 pure
1309 3636 1529 3710 desiderando,
1560 3643 1655 3718 atque
1685 3635 1842 3699 universa
1871 3636 1946 3699 bona

395 3743 469 3810 ctat,
495 3742 604 3816 utpote
628 3735 803 3798 ordinando
829 3734 909 3797 illud
933 3736 972 3798 ad
998 3735 1141 3798 debitum
1198 3743 1313 3809 creata,
1340 3741 1404 3798 tam
1434 3734 1600 3796 sensibilia
1629 3753 1726 3816 quam
1756 3734 1944 3816 spiritualia,

394 3833 494 3897 linem
512 3853 519 3898 :
536 3841 572 3895 ut
588 3833 613 3896 si
628 3833 701 3916 quis
716 3840 845 3915 appetat
860 3832 968 3895 cibum
984 3840 1015 3895 et
1030 3841 1141 3914 potum
1198 3841 1387 3916 porrectam
1404 3832 1637 3896 ordinationem
1652 3832 1691 3894 ad
1707 3851 1783 3894 eum
1799 3833 1943 3916 optando.

395 3940 552 4014 quatenus
568 3938 742 4014 temperate
758 3931 907 4004 refectus,
925 3938 1018 4012 aptus
1033 3939 1064 4006 et
1080 3931 1142 3994 ior·
1238 3933 1383 3996 Secundo
1399 3951 1437 3994 ex
1457 3931 1610 3994 hodierna
1630 3929 1785 3992 docemur
1802 3931 1945 4013 epistola,

394 4031 435 4093 tis
457 4031 499 4093 sit
520 4031 559 4093 ad
581 4030 636 4093 Dei
661 4029 864 4112 obsequium,
887 4029 937 4092 vel
957 4029 983 4092 si
1010 4031 1142 4093 maritus
1199 4039 1234 4093 ut
1248 4031 1349 4094 simus
1365 4028 1484 4092 summi
1500 4029 1555 4091 liei
1572 4027 1710 4092 cultores
1726 4027 1861 4102 sinceri,
1878 4047 1946 4090 eum

319 4177 321 4182 .
394 4129 502 4212 cupiat
522 4148 612 4191 suam
633 4146 824 4209 cognoscere
844 4129 1013 4210 conjugem
1034 4147 1142 4193 amore
1198 4128 1416 4210 superomnia
1431 4127 1620 4209 appetendo,
1637 4125 1784 4200 colendo,
1801 4127 1945 4200 amando,

394 4227 492 4310 prolis
507 4227 546 4289 ad
562 4226 617 4289 liei
633 4225 822 4308 obsequium
837 4227 1016 4301 educanda,
1025 4227 1092 4290 sive
1109 4235 1143 4289 ut
1159 4231 1183 4292 D
1198 4235 1229 4289 et
1252 4244 1316 4289 non
1342 4226 1525 4289 efficiamur
1549 4224 1731 4287 idololatra.
1754 4224 1822 4288 Nec
1848 4224 1946 4288 solum
1964 4241 2008 4284 tto
2019 4237 2041 4276 a·

393 4326 540 4390 debitum
564 4325 683 4388 reddat.
702 4324 967 4406 Concupiscentia
991 4325 1143 4387 sensitiva
1199 4323 1372 4388 idololatra
1387 4332 1462 4386 sunt
1478 4323 1534 4406 qui
1549 4323 1633 4386 idola
1651 4322 1761 4385 colunt
1776 4343 1837 4386 seu
1852 4323 1948 4406 genti·

393 4424 509 4487 vitiosa
523 4423 665 4497 ost,dum
681 4423 842 4504 appetitus
858 4422 1028 4484 sensitivus
1046 4423 1078 4484 in
1094 4443 1143 4485 su·
1200 4424 1279 4486 lium
1296 4425 1371 4486 deos
1386 4423 1528 4497 adorant,
1545 4422 1712 4485 sedetiam
1734 4423 1882 4486 universi
1896 4424 1947 4505 qui

393 4542 449 4586 um
470 4530 616 4585 movetur
630 4520 793 4602 objectum
813 4528 923 4584 contra
942 4529 1034 4584 recta
1050 4521 1142 4585 ratio·
1199 4523 1352 4586 creaturis
1379 4522 1477 4603 magis
1500 4540 1596 4603 quam
1619 4521 1759 4584 Creatori
1780 4522 1947 4595 inbaerent,

337 4653 340 4658 Δ
394 4621 444 4684 nis
464 4620 634 4701 judicium,
651 4620 711 4682 hoc
732 4627 791 4693 est,
810 4620 886 4682 dum
907 4620 1073 4682 sensibilia
1092 4621 1143 4682 de·
1200 4621 1255 4702 qui
1278 4621 1337 4684 ista
1362 4621 1500 4683 carnalia
1524 4628 1556 4682 et
1581 4620 1700 4682 caduca
1725 4620 1831 4701 magis
1857 4637 1947 4702 quam

395 4720 583 4791 sideramus,
601 4735 664 4781 non
680 4736 738 4800 per
752 4717 893 4780 debitam
909 4719 1141 4782 ordinationem
1200 4720 1300 4781 ileum
1330 4719 1501 4782 sublimem
1532 4726 1564 4780 et
1586 4717 1760 4799 gloriosum
1790 4727 1947 4800 qnaerunt,

394 4818 434 4881 ad
450 4834 558 4879 veram
573 4816 720 4890 salutem,
731 4817 786 4879 sed
802 4823 932 4898 propter
947 4817 1143 4900 voluptatem
1201 4817 1371 4880 intendunt
1385 4837 1421 4880 ac
1438 4817 1577 4898 diligunt
1593 4835 1600 4877 :
1617 4815 1727 4898 quales
1748 4825 1827 4879 sunt
1842 4835 1949 4881 omnes

396 4915 608 4988 immundam,
625 4933 681 4977 seu
705 4913 777 4995 plus
797 4934 893 4997 quam
916 4915 994 4978 utile
1014 4923 1068 4977 aut
1090 4935 1143 4978 ne·
1200 4916 1298 4992 avari,
1316 4916 1482 4991 luxuriosi,
1504 4915 1676 4988 ambitiosi,
1694 4923 1725 4977 et
1744 4917 1847 4979 ceteri
1865 4917 1949 4978 vitio

397 5033 485 5077 cesse
508 5020 557 5075 est
575 5013 614 5075 ad
634 5011 813 5094 spiritualia
835 5013 918 5076 bona
939 5013 1143 5096 acquirenda,
1201 5015 1237 5076 si.
1264 5015 1352 5078 Unde
1381 5013 1467 5077 avari
1496 5031 1611 5077 aurum
1635 5021 1667 5075 et
1695 5012 1828 5077 divitias
1854 5013 1948 5096 magis

397 5111 614 5176 conservanda
632 5129 688 5174 seu
709 5110 914 5193 perficienda.
933 5112 977 5174 lie
992 5131 1054 5194 qua
1071 5113 1147 5175 seri·
1201 5131 1298 5195 quam
1313 5113 1413 5176 [lenm
1429 5112 1554 5192 colunt3
1571 5110 1726 5175 luxuriosi
1742 5111 1878 5175 leminis
1894 5131 1950 5174 ma-

250 5239 382 5292 ctatus,
397 5211 446 5274 bit
467 5210 637 5294 Apostolus
654 5228 661 5274 :
679 5208 798 5291 Spiritu
820 5209 993 5286 ambulate,
1014 5218 1045 5273 et
1065 5211 1146 5274 desi·
1200 5211 1250 5294 gis
1275 5230 1371 5294 quam
1400 5212 1464 5275 Deo
1489 5211 1618 5274 student
1647 5210 1792 5292 plaeere;
1821 5209 1949 5294 superbi

251 5304 283 5346 ¹⁷·
398 5311 486 5374 deria
514 5309 620 5373 carnis
649 5326 714 5373 non
742 5308 936 5392 perficietis;
962 5327 1034 5374 earo
1059 5310 1145 5374 enim
1203 5311 1365 5394 propriam
1394 5308 1617 5374 excellentiam
1641 5308 1743 5390 magis
1772 5327 1875 5389 quam
1899 5307 1950 5372 Dei
