4288 6264
417 457 458 522 38
566 469 576 490 ’
668 480 817 530 nonnum
838 482 857 527 r
878 481 952 528 rosr
972 479 1101 526 rascux.
1122 498 1163 508 —
1183 477 1226 525 An
1245 479 1440 542 uuurorosos3
1463 479 1561 526 suune
1582 479 1719 535 culmus

417 647 597 725 beatorum,
613 651 764 715 videlicet
781 669 787 714 :
804 672 843 715 ex
861 651 1095 734 jucundissima
1114 668 1163 713 eo·
1179 651 1203 713 A
1219 651 1258 712 ad
1288 650 1425 713 ooelestis
1449 650 1656 713 beatitudinis
1683 649 1798 731 gaudia
1828 647 1965 710 maxime

419 765 491 809 rum
508 757 619 811 mutua
638 751 788 814 societate
805 757 837 814 et
855 751 995 824 caritate,
1012 770 1075 832 qua
1092 768 1166 830 gau·
1220 748 1462 830 propinquatur,
1475 757 1506 811 et
1519 749 1551 810 in
1567 749 1696 810 illorum
1711 747 1880 829 adeptione
1896 764 1966 829 per-

418 845 508 908 dium
534 847 629 910 unius
654 849 810 911 redundat
832 849 865 911 in
889 849 1005 926 alium;
1022 848 1110 922 item,
1127 867 1165 909 ex
1219 847 1338 909 ficitur.
1355 846 1483 909 Talibus
1503 865 1578 928 ergo
1596 847 1808 909 exercitemus
1828 853 1860 908 et
1873 863 1965 907 occu·

419 944 558 1008 coelestis
587 947 725 1028 paradisi
755 947 949 1022 amoenitate,
980 967 1019 1010 ex
1049 947 1165 1009 intuitu
1221 965 1334 1027 pomus
1355 962 1412 1007 nos
1433 946 1617 1020 aetibuS,ct
1638 946 1669 1007 in
1690 945 1778 1007 omui
1801 945 1917 1006 virtute
1935 950 1965 1006 et

419 1061 545 1125 quoque
560 1045 763 1108 humanitatis
778 1046 893 1108 Christi
910 1054 941 1108 et
955 1046 1093 1126 Virginis
1107 1046 1168 1127 glo·
1220 1044 1321 1124 gratia
1342 1043 1484 1124 quotidie
1506 1063 1647 1106 erescere
1663 1044 1856 1106 studeamus.

418 1143 521 1216 riosae,
551 1150 584 1206 et
612 1163 650 1206 ex
680 1145 932 1208 consideratione
961 1144 1165 1207 infernalium
1261 1141 1390 1222 Legitur
1411 1143 1443 1203 in
1464 1141 1546 1205 libro
1566 1143 1605 1205 de
1621 1142 1703 1204 Viris
1724 1141 1903 1203 illustribus
1917 1140 1968 1202 Or-

418 1247 650 1305 tormeutorum
674 1263 744 1324 quaa
768 1251 947 1316 evaserunt,
968 1262 1004 1305 ae
1030 1243 1168 1304 miseria·
1222 1239 1778 1323 dinisCisteroiensis‚quodquidam
1794 1239 1968 1302 monachus

419 1357 491 1400 rum
507 1339 579 1404 vitae
595 1341 761 1422 praesentis
775 1361 794 1403 a
807 1341 926 1423 quibus
941 1349 1016 1404 sunt
1031 1341 1165 1402 liberati.
1221 1337 1312 1400 valde
1328 1338 1468 1412 devotus,
1477 1347 1548 1420 post
1564 1346 1698 1401 mortem
1715 1337 1880 1412 suam‚lleo
1895 1354 1967 1399 cou-

459 1437 622 1512 Praetereu,
640 1439 787 1520 quamvis
801 1440 840 1501 ad
860 1446 979 1500 tantam
1000 1438 1168 1501 heatitudi-
1223 1436 1364 1510 cedente,
1382 1437 1528 1519 apparuit
1549 1437 1674 1499 cuidam
1693 1437 1848 1500 monacho
1864 1436 1967 1499 adhuc

419 1553 493 1596 nem
517 1543 676 1598 mereatur
696 1536 792 1599 homo
812 1537 943 1618 perduci
963 1553 1167 1618 peromnem
1222 1535 1353 1608 virenti,
1370 1535 1425 1616 qui
1443 1535 1504 1597 sibi
1525 1543 1597 1597 ante
1617 1535 1799 1616 specialiter
1816 1553 1907 1596 carus
1925 1533 1967 1595 fa-

419 1640 526 1695 actum
547 1653 585 1696 ex
606 1636 736 1698 caritate
758 1636 814 1698 Dei
835 1635 1071 1717 procedentem,
1089 1634 1168 1696 nihil
1223 1633 1420 1714 miliarisque
1452 1632 1581 1694 exstitit.
1610 1633 1635 1694 A
1664 1651 1728 1715 quo
1758 1633 1967 1713 interrogatus

418 1740 526 1794 tamen
552 1732 595 1794 ita
619 1732 697 1795 facit
725 1733 887 1795 homiuem
912 1733 1168 1814 appropinquare
1222 1730 1358 1812 qualiter
1374 1750 1482 1793 secum
1503 1739 1597 1804 esset,
1614 1731 1778 1813 respoudit
1797 1751 1830 1792 se
1850 1749 1919 1792 esse
1936 1731 1967 1792 in

420 1829 609 1892 beatitudini
632 1830 678 1892 illi
696 1838 731 1892 ut
751 1831 819 1913 ipsa
837 1832 971 1892 actualis
991 1850 1026 1892 ao
1046 1829 1165 1892 fervida
1181 1832 1204 1892 B
1223 1829 1397 1910 purgatorii
1426 1831 1540 1910 poenis.
1571 1831 1673 1912 Super
1702 1847 1765 1911 quo
1795 1828 1968 1891 monachus

420 1928 550 1990 dilectio
572 1929 639 2000 Dei,
656 1948 719 2010 qua
740 1930 823 1992 Deus
846 1936 975 2011 propter
997 1929 1046 1990 sui
1068 1929 1168 2011 ipsius
1223 1928 1276 1990 ille
1292 1929 1414 2000 vivens,
1430 1927 1602 2002 admirans,
1619 1929 1722 1990 dixit:
1739 1928 1901 2002 Quomodo
1918 1945 1969 2008 po-

420 2045 534 2108 puram
551 2026 721 2089 honitatem
738 2027 860 2088 sincere
876 2027 1170 2108 diligitur.lusuper
1222 2033 1284 2087 test
1305 2027 1364 2088 hoc
1387 2045 1466 2098 esse,
1484 2027 1633 2108 quoniam
1660 2035 1788 2089 sauctus
1810 2026 1892 2089 Ordo
1917 2043 1969 2087 uo·

420 2124 573 2206 patientia
589 2125 620 2186 iu
640 2125 782 2187 adversis
800 2133 831 2187 et
851 2125 1014 2187 meditatio
1033 2125 1168 2187 domini·
1223 2131 1287 2185 ster
1308 2125 1411 2186 adhuc
1433 2132 1495 2185 tam
1516 2125 1625 2186 stricte
1647 2128 1813 2187 servaturi
1828 2125 1874 2186 'lu
1893 2141 1968 2205 quo

419 2241 463 2286 oae
480 2223 646 2304 passionis,
656 2223 754 2285 Deum
772 2241 899 2306 quoque
915 2224 1026 2286 devote
1042 2223 1169 2284 laudare
1222 2240 1284 2303 que
1300 2221 1435 2303 diligens
1452 2221 1483 2282 iu
1499 2221 1709 2284 observantiis
1725 2222 1851 2286 Ordinis
1869 2220 1965 2283 nostri

418 2328 451 2383 ot
465 2320 640 2383 affectuose
660 2339 760 2394 orare,
778 2330 852 2383 suut
871 2322 928 2384 alan
949 2321 1066 2403 quibus
1086 2321 1169 2383 vola-
1223 2338 1309 2398 eras;
1326 2320 1405 2381 etin
1427 2319 1576 2382 extremis
1597 2321 1689 2381 datur
1705 2320 1796 2382 nobis
1816 2339 1854 2382 ex
1869 2320 1968 2400 gratia

419 2427 472 2481 tur
487 2419 519 2480 in
536 2419 663 2481 coelum.
681 2419 868 2481 Mandemus
885 2438 942 2482 uos
958 2437 1033 2500 ergo
1047 2418 1087 2481 ab
1103 2437 1168 2481 om·
1222 2418 1353 2498 speciali
1382 2417 1539 2480 absolutio
1564 2438 1581 2478 a
1608 2437 1700 2500 poena
1725 2427 1756 2480 et
1782 2419 1886 2500 culpa.
1912 2418 1967 2480 lle-

418 2517 449 2577 ni
473 2517 715 2598 inquinamento
738 2517 870 2598 peccati,
887 2517 927 2578 ab
948 2517 1035 2579 omui
1060 2535 1167 2580 amore
1222 2517 1350 2596 spondit
1366 2515 1539 2577 monachus
1555 2517 1608 2578 ille
1624 2517 1794 2578 defunctus
1811 2536 1818 2578 :
1835 2517 1858 2579 O
1874 2535 1965 2598 quam

418 2614 548 2689 carnali,
572 2633 590 2676 a
611 2614 857 2694 cogitationibus
880 2615 996 2696 pravis,
1021 2635 1038 2677 a
1060 2615 1167 2678 verbis
1223 2633 1334 2695 puram
1351 2633 1420 2675 esse
1435 2622 1558 2695 oportet
1575 2622 1712 2677 mentem
1733 2635 1804 2696 quae
1821 2615 1882 2678 Deo
1899 2614 1968 2676 bea-

418 2712 552 2786 illicitis,
565 2720 600 2774 ut
615 2713 679 2776 Deo
693 2713 870 2775 sanctitatis
886 2713 1050 2776 immensae
1065 2714 1168 2776 valea·
1222 2711 1310 2773 tifice
1330 2711 1542 2792 conjungetur
1561 2720 1592 2773 et
1613 2712 1682 2774 luce
1705 2712 1814 2775 divina
1832 2712 1965 2784 fruetur,

418 2829 491 2872 mus
511 2811 674 2892 conjungi,
690 2811 746 2892 qui
767 2829 830 2873 nou
851 2811 913 2873 uisi
933 2812 1168 2893 purgatissimis
1223 2810 1373 2891 quoniam
1390 2817 1421 2871 et
1440 2810 1615 2871 aminimis
1635 2811 1738 2892 culpis
1756 2818 1880 2892 oportet
1899 2829 1966 2872 earu

418 2909 561 2972 cernitur
576 2909 747 2972 mentibus.
765 2911 936 2984 Postremo,
954 2910 1097 2972 omnium
1115 2910 1168 2972 ho·
1222 2927 1292 2970 esse
1311 2907 1510 2969 sufficienter
1526 2915 1708 2989 purgatam!
1727 2909 1846 2970 Deinde
1862 2909 1968 2970 anima

417 3008 541 3070 minum
563 3009 698 3070 salutem
723 3007 882 3070 ferventer
902 3017 1064 3090 appetere,
1081 3027 1166 3070 com·
1183 3009 1204 3072 C
1223 3005 1309 3067 illius
1330 3005 1471 3067 defuncti
1489 3024 1546 3088 pro
1565 3025 1598 3068 se
1619 3007 1710 3087 petiit
1730 3007 1865 3080 exorari,
1883 3024 1967 3068 mox-

418 3124 514 3168 mune
535 3106 654 3168 bonum
674 3105 817 3187 diligere,
835 3105 1049 3168 universalem
1070 3106 1166 3168 refor-
1222 3123 1284 3185 que
1300 3104 1464 3185 disparuit.
1476 3104 1556 3166 Ecce
1572 3124 1667 3186 quam
1683 3105 1821 3185 graviter
1835 3105 1969 3186 puniun-

417 3203 590 3265 mationem
615 3203 764 3266 Ecclesia
781 3203 972 3276 desiderare,
991 3211 1023 3264 ct
1041 3222 1167 3264 summe
1222 3211 1275 3264 tur
1290 3211 1359 3283 post
1373 3203 1471 3265 vitam
1488 3203 1569 3265 hauc
1584 3203 1680 3265 etiam
1697 3203 1799 3285 oulpae
1819 3205 1966 3275 minores,

415 3307 524 3382 optare
555 3308 589 3361 ut
618 3301 700 3363 Deus
729 3300 885 3382 gloriosus
915 3307 946 3362 et
975 3308 1103 3362 sauctus
1127 3301 1167 3362 ab
1222 3321 1292 3383 quaa
1305 3302 1336 3363 in
1350 3301 1415 3362 vita
1428 3302 1486 3362 ista
1499 3321 1517 3362 a
1529 3301 1620 3364 nohis
1632 3302 1685 3363 vix
1698 3302 1799 3383 culpae
1813 3310 1966 3384 putantur.

416 3398 575 3460 universis
597 3406 629 3460 et
651 3399 786 3480 singulis
809 3399 960 3478 diligatur
981 3405 1012 3460 et
1037 3399 1167 3462 honore·
1221 3399 1364 3461 Vitemus
1377 3418 1451 3480 ergo
1464 3419 1537 3461 cum
1551 3399 1694 3480 diligenti
1709 3401 1813 3462 cordis
1827 3400 1968 3462 custodia

415 3502 476 3570 tur,
484 3504 579 3578 atquc
594 3498 633 3560 de
648 3497 715 3578 ejus
731 3496 973 3559 inhonoratione
988 3497 1168 3559 cordialiter
1221 3515 1284 3559 uon
1303 3496 1405 3558 solum
1429 3496 1583 3570 mortalia,
1605 3499 1660 3559 sed
1686 3497 1823 3560 venialia
1842 3514 1967 3579 quoque

416 3593 608 3668 contristari,
626 3612 683 3676 pro
707 3593 858 3656 omnibus
882 3592 1034 3656 fidelihus
1057 3593 1167 3656 defun-
1221 3595 1443 3676 peecata,quia
1458 3595 1518 3656 uisi
1535 3595 1671 3658 venialia
1686 3595 1855 3676 diligenter
1870 3595 1967 3658 viteu-

416 3693 476 3754 ctis
498 3710 599 3766 orare,
617 3693 669 3754 isti
689 3700 764 3754 sunt
785 3691 1022 3766 virtuosissimi,
1040 3693 1166 3775 praecla—
1220 3700 1282 3766 tur,
1300 3693 1362 3754 cito
1381 3693 1517 3774 quisque
1538 3694 1570 3754 in
1589 3694 1734 3756 mortalia
1750 3693 1876 3756 labitur.
1895 3694 1965 3756 ldeo

415 3791 535 3854 rissimi
558 3797 591 3854 et
611 3792 675 3853 Deo
697 3791 911 3872 acceptissimi
934 3799 1023 3852 actus
1047 3791 1165 3873 quibus
1220 3810 1325 3855 coram
1343 3792 1406 3854 Deo
1421 3800 1544 3872 oportet
1560 3811 1617 3854 nos
1636 3792 1772 3855 sollicite
1790 3792 1962 3854 ambulare.
1980 3811 2112 3858 nieuw.
2131 3775 2132 3780 ἵ

860 4123 975 4203 AD
1022 4123 1525 4206 RELIGIOSOS

967 4519 1142 4604 stulto
1181 4520 1425 4620 QUARTUS

744 4742 788 4786 on
814 4739 1098 4788 REFORHATIONE
1127 4740 1168 4784 ΕΤ
1197 4739 1457 4787 MODERATIONE
1485 4743 1637 4788 LlNGUAE.

478 4977 500 5037 Ι
519 4977 594 5054 quis
613 4982 711 5050 putat
736 4993 769 5034 se
793 4973 982 5050 religiosum
1006 4993 1082 5042 esse,
1101 4972 1204 5033 conl)
1262 4972 1326 5035 lloo
1357 4972 1676 5054 compendiosissimo
1699 4993 1735 5036 ao
1760 4974 1970 5038 saluberrimo

493 5075 667 5149 refrenans
692 5073 840 5148 linguam
865 5091 970 5140 suam,
995 5073 1051 5130 sed
1075 5073 1166 5130 sodo·
1221 5070 1319 5132 verbo
1336 5070 1539 5132 beatissimus
1556 5071 1652 5134 frater
1666 5072 1793 5146 Christi,
1810 5074 1970 5155 apostolus

416 5193 489 5233 cens
516 5191 572 5230 cor
596 5189 704 5238 suum,
729 5169 830 5245 hujus
856 5187 939 5226 cano
964 5177 1010 5227 est
1036 5170 1161 5245 religio.
1216 5167 1363 5241 lacobus,
1388 5169 1623 5250 loquacitatem,
1649 5169 1884 5246 verbositatem,
1908 5173 1969 5234 dis·

415 5269 520 5334 Jacob.
540 5287 560 5342 r,
577 5265 626 5330 26.
1218 5266 1409 5328 solutionem
1426 5275 1457 5328 et
1472 5267 1683 5330 incustodiam
1699 5277 1838 5332 nostram
1854 5289 1967 5352 percu-
