4154 6258
484 471 632 520 noumrca
652 473 705 519 xvr
725 473 799 520 sosr
819 471 1014 520 rnuvrrarsrr.
1034 490 1075 501 —
1096 472 1195 522 suarm
1214 473 1339 522 rannus
1626 454 1686 520 473

130 657 213 702 vero
227 650 363 723 peccant
377 642 409 705 in
430 663 498 728 spe,
514 652 609 727 atque
624 644 665 708 ob
686 643 718 707 id
735 643 885 707 audacius
900 645 925 707 Α
940 643 1037 706 bomo
1060 643 1162 708 linem
1186 663 1299 724 suum;
1325 646 1380 709 sed
1405 645 1488 708 sicut
1511 643 1615 728 pisces
1639 661 1688 705 ca-

130 739 364 802 contumeliam
390 739 513 804 faciunt
541 743 616 816 Deo,
642 742 793 825 quoniam
816 743 885 825 ipse
939 743 1074 825 piuntur
1088 744 1193 818 hamo,
1206 751 1237 806 et
1251 763 1325 808 aves
1342 745 1465 827 laqueo,
1480 745 1526 807 sic
1541 742 1687 806 homines

130 835 240 900 bonus
260 846 292 900 et
312 839 384 922 pius
406 848 465 916 est,
481 841 628 904 incidunt
652 842 685 903 in
706 841 823 906 divium
844 843 884 904 ri·
940 842 1111 924 capiuntur
1126 851 1269 926 tempore
1285 843 1378 918 malo,
1395 862 1495 926 quum
1506 843 1552 905 eis
1568 848 1688 904 extem-

130 954 245 1017 gorem
259 938 400 1019 justitiae,
408 959 507 1022 quum
524 941 588 1002 siut
602 941 808 1024 ingratissimi
823 942 887 1004 Deo
939 939 994 1022 plo
1013 942 1245 1024 supervenerit.
1262 941 1396 1016 Quartus
1416 949 1465 1004 est
1485 939 1625 1003 adulatio
1643 939 1688 1000 in-

131 1043 166 1096 et
183 1034 417 1119 improbissimi
436 1056 543 1101 coram
564 1055 611 1100 eo.
629 1039 709 1101 Hine
729 1038 884 1121 scriptum
938 1039 1097 1120 justorum
1115 1057 1122 1102 :
1139 1040 1215 1122 quie
1230 1048 1265 1103 ut
1279 1040 1323 1104 ait
1337 1040 1512 1114 Psalmista,
1527 1038 1687 1102 Laudatur
1720 1057 1760 1100 ra.
1776 1071 1797 1110 x,
1813 1062 1833 1111 a,

8 1147 82 1196 ausa
94 1149 116 1187 ⁵·
131 1140 185 1194 est
206 1134 239 1196 in
262 1135 485 1198 Ecclesiastico
503 1153 510 1198 τ
526 1136 595 1200 Non
619 1137 751 1217 adjicias
776 1155 885 1219 pecca·
939 1145 1087 1220 peccator
1103 1139 1135 1200 in
1151 1138 1317 1202 desideriis
1331 1139 1447 1202 animm
1466 1157 1541 1212 suae,
1558 1143 1589 1200 et
1604 1136 1687 1216 inju·
1699 1132 1742 1163 ⁸⁹⁰·
1754 1120 1820 1167 ω’·

130 1238 205 1293 tum
225 1251 323 1314 super
343 1241 521 1316 peccatum,
538 1242 571 1298 et
589 1254 629 1297 na
646 1235 743 1308 dicas,
759 1235 885 1298 llisera-
939 1243 1006 1297 stus
1028 1235 1237 1299 benedicitur.

131 1330 180 1394 tio
196 1331 323 1395 Domini
345 1351 458 1414 magna
477 1341 544 1412 est;
561 1334 780 1398 misericordia
797 1335 883 1398 enirn
979 1333 1113 1416 lnsuper
1127 1352 1185 1417 per
1205 1333 1346 1396 loculum
1368 1335 1400 1396 in
1420 1351 1484 1416 quo
1502 1331 1685 1395 adolescens
1700 1347 1833 1400 raanan.

130 1435 166 1490 et
181 1429 228 1491 ira
246 1429 287 1493 ab
309 1430 365 1494 illo
385 1431 448 1494 cito
464 1431 656 1516 proximant,
673 1440 705 1494 et
724 1433 756 1495 in
774 1451 885 1516 pecea-
940 1431 1111 1495 defunctus
1130 1431 1293 1496 serebatur
1307 1433 1346 1495 ad
1367 1438 1623 1504 monumentum,
1640 1430 1686 1491 in·
1779 1463 1783 1470 ·

129 1533 220 1590 tores
242 1529 374 1610 respicit
395 1529 442 1592 ira
464 1530 560 1592 illius.
941 1530 1148 1612 telligendum
1166 1539 1214 1593 est
1228 1548 1344 1613 corpus
1364 1531 1397 1592 in
1413 1547 1477 1612 quo
1492 1531 1598 1592 anima
1615 1545 1687 1610 pec-

175 1626 311 1709 lnsuper
333 1636 466 1710 possunt
487 1637 519 1691 et
540 1630 708 1711 portitores
732 1629 788 1692 alii
808 1631 885 1694 assi·
941 1629 1040 1690 catrix
1064 1629 1103 1690 ad
1128 1627 1291 1691 infernum
1313 1628 1491 1700 deducitur,
1513 1628 1590 1689 dum
1615 1643 1687 1687 eon·

130 1725 236 1806 gnari.
260 1725 384 1788 Primus
409 1734 456 1790 est
480 1726 601 1790 liducia
625 1728 776 1809 longioris
800 1729 882 1792 vitae.
941 1727 1147 1808 cupiscentiis
1176 1728 1285 1802 servit,
1310 1745 1369 1789 uec
1398 1725 1592 1790 vanitatibus
1621 1723 1687 1786 suis

8 1831 115 1882 arcana,
131 1822 252 1885 Contra
274 1843 370 1905 quarn
393 1825 534 1907 loquitur
555 1826 698 1889 Christus
716 1845 722 1889 :
739 1826 882 1908 Vigilate,
903 1825 925 1888 B
941 1825 1097 1887 renititur.
1116 1826 1176 1888 Sed
1197 1825 1340 1889 Christus
1360 1825 1471 1888 electis
1490 1822 1687 1905 compatiens

8 1919 16 1934 ”
132 1922 211 2002 quia
226 1923 358 1985 nescitis
373 1923 460 1986 diem
476 1943 579 2007 neque
594 1925 714 1988 horam.
724 1926 762 1987 Et
777 1944 885 2008 quam·
939 1924 1119 1998 animabus,
1135 1924 1269 1998 accedit,
1279 1931 1310 1986 et
1324 1941 1440 2006 corpus
1456 1921 1555 2004 tangit
1570 1939 1628 2004 per
1641 1920 1688 1982 in-

131 2019 185 2081 vis
210 2021 283 2103 quis
307 2021 403 2084 sciret
431 2041 465 2084 se
495 2023 551 2085 diu
579 2023 751 2098 victurum,
777 2031 884 2087 tamen
939 2022 1126 2085 firmitatem
1147 2031 1180 2086 et
1201 2021 1439 2085 tribulationem
1461 2019 1684 2102 multiplicem,

131 2126 256 2200 quanto
280 2119 400 2182 diutius
427 2128 619 2202 perseverat,
645 2120 829 2186 habituatur
853 2131 885 2185 et
941 2121 984 2183 ita
1010 2122 1094 2203 quod
1123 2121 1248 2204 praelati
1273 2120 1441 2204 portitores
1471 2119 1627 2182 desistunt
1656 2124 1687 2179 et

131 2217 290 2280 assuescit
305 2218 338 2281 in
353 2218 547 2292 vitiis,tanto
563 2220 701 2303 ineptior
715 2223 776 2284 erit
787 2222 826 2284 ad
839 2241 884 2284 re·
941 2226 1033 2281 stant.
1050 2219 1204 2293 Quoniam
1225 2219 1320 2282 horno
1339 2225 1416 2280 tunc
1435 2218 1528 2280 timet
1544 2235 1578 2278 se
1593 2215 1687 2278 mori·

130 2316 341 2396 surgendum.
359 2317 489 2391 lterum,
506 2325 629 2380 certum
644 2325 693 2380 est
708 2319 792 2401 quod
807 2319 885 2381 stul·
940 2323 1048 2379 turum
1069 2325 1164 2400 atque
1183 2317 1216 2378 in
1237 2335 1349 2380 manus
1369 2316 1426 2380 Dei
1440 2314 1579 2378 viventis
1599 2331 1686 2376 casu-

131 2421 203 2476 tum
228 2421 277 2476 est
300 2415 557 2480 emendationem
583 2423 614 2479 et
641 2418 883 2480 conversionem
940 2434 1023 2489 rum,
1041 2415 1160 2478 idcirco
1174 2414 1447 2478 exhortationibus
1461 2412 1637 2496 acquiescit
1650 2429 1687 2474 ac

130 2511 268 2576 dillcrre
285 2530 291 2575 :
309 2532 383 2576 nam
399 2513 529 2576 interim
544 2514 639 2578 bomo
652 2515 753 2578 Deum
769 2524 885 2579 creato
939 2513 1083 2595 poenitet,
1100 2519 1133 2575 et
1153 2530 1227 2574 eum
1247 2511 1448 2575 adolescente
1470 2511 1525 2573 illo
1540 2508 1687 2592 spiritua·-

129 2629 200 2672 rem
216 2630 311 2673 suum
325 2611 465 2693 graviter
479 2613 766 2696 multipliciterque
781 2614 883 2678 ollen-
940 2611 1012 2674 liter
1032 2611 1143 2692 surgit.
1166 2611 1262 2674 Porro
1286 2609 1506 2673 misericordia
1529 2607 1597 2682 Ilei,
1620 2625 1687 2670 om·

128 2708 188 2782 dit,
206 2717 336 2792 tempus
360 2709 569 2785 infructuose,
586 2711 653 2775 imo
674 2720 706 2775 et
730 2714 883 2776 damnose
938 2709 1029 2772 nium
1049 2710 1163 2772 borum
1184 2708 1342 2772 bonorum
1362 2707 1491 2771 fontalis
1511 2713 1559 2768 est
1581 2723 1684 2767 causa.

129 2807 296 2889 expendit,
314 2807 415 2870 multa
433 2815 464 2870 et
480 2809 618 2872 maxima
640 2811 773 2892 negligit
787 2811 881 2886 bona,
978 2807 1176 2888 Abjiciamus
1196 2824 1304 2888 ergoa
1324 2806 1416 2869 nobis
1432 2805 1596 2866 universos
1615 2820 1686 2886 por-

129 2912 163 2967 et
182 2905 291 2968 lutura
313 2906 376 2968 sibi
395 2913 490 2988 auget
506 2907 684 2991 supplicia3
701 2909 798 2972 servit
818 2910 883 2972 dia·
937 2905 1047 2968 titores
1063 2905 1222 2988 prefatos,
1238 2923 1297 2967 nee
1313 2903 1536 2986 permittamus
1555 2919 1687 2984 uesper

129 3001 218 3076 bolo,
235 3003 376 3084 ingratus
398 3012 447 3066 est
470 3005 605 3080 Christo,
626 3007 766 3069 animam
791 3027 881 3070 suam
900 3002 922 3067 G
938 3021 992 3065 eos
1007 3003 1046 3066 ad
1062 3003 1222 3066 infernum
1239 3003 1365 3076 deduci,
1381 3001 1442 3064 boc
1457 3009 1504 3064 est
1518 3000 1565 3063 sic
1580 3000 1686 3082 decipi

129 3101 277 3184 quotidie
292 3102 519 3165 miserabiliter
533 3103 690 3180 vuluerat,
707 3104 815 3180 loedat,
832 3124 883 3170 oc·
939 3109 974 3164 ut
996 3102 1028 3164 in
1051 3101 1139 3164 vitiis
1161 3119 1346 3164 maneamus
1366 3099 1685 3181 emendationemque

129 3200 222 3274 cidit,
244 3208 276 3262 et
299 3218 405 3263 coram
430 3201 497 3264 Deo
519 3201 596 3264 lacit
618 3203 783 3278 odibilem,
800 3204 882 3268 loeti-
939 3199 1139 3276 difleramus,
1156 3207 1187 3262 et
1209 3205 1311 3262 morte
1331 3197 1611 3280 jam.imminente
1632 3214 1685 3279 po-

128 3298 205 3360 dam
221 3305 317 3380 atquc
332 3299 559 3380 turpissimam.
567 3301 732 3364 Secundus
747 3310 796 3364 est
811 3320 883 3365 con·
938 3298 1093 3362 stulemus
1109 3297 1304 3380 poenitentiae
1322 3305 1449 3379 tempus
1462 3314 1469 3359 :
1481 3295 1685 3378 quemadmo-

128 3396 283 3459 sideratio
298 3397 400 3479 culpae
420 3396 541 3461 alienae.
559 3398 649 3460 ldulti
670 3400 881 3482 quippedum
938 3396 1015 3458 dum
1037 3395 1153 3458 accidit
1172 3395 1298 3457 cuidam
1318 3393 1430 3475 juveni
1450 3393 1531 3467 viro,
1548 3393 1603 3474 qui
1624 3391 1686 3454 luit

129 3494 272 3576 majores
304 3501 335 3557 et
364 3495 520 3558 doctiores
550 3497 660 3560 vident
689 3517 822 3579 peccare
851 3507 882 3562 et
938 3494 971 3556 in
991 3494 1095 3556 studio
1115 3493 1221 3556 socius
1241 3511 1331 3555 meus
1351 3499 1383 3555 et
1402 3490 1626 3554 commensalis
1644 3489 1684 3552 ad

126 3593 240 3674 gravia
268 3592 389 3655 scelera
412 3602 606 3676 perpetrare,
632 3605 765 3678 peccant
788 3598 883 3660 auda·
909 3577 914 3586 ⁰
937 3600 1074 3674 tempus·
1092 3591 1229 3673 Eratque
1247 3590 1298 3653 vir
1317 3607 1449 3673 ⁰0rp0re
1469 3589 1561 3652 valde
1580 3587 1683 3660 [Ostia

127 3691 219 3770 cius3
237 3691 293 3772 qui
308 3696 415 3752 maren
431 3699 463 3754 et
477 3692 504 3754 si
520 3693 667 3756 viderent
687 3693 758 3757 illos
774 3697 882 3777 praeci-
937 3689 992 3752 sed
1011 3708 1110 3770 vagus
1130 3689 1331 3770 lascivusque
1350 3688 1447 3750 nimis
1465 3705 1472 3749 :
1489 3687 1574 3748 unde
1593 3693 1625 3748 et
1644 3684 1684 3746 ab
1738 3731 1740 3734 ψ

128 3790 246 3871 pltare,
263 3789 470 3872 submergere
487 3799 543 3852 aut
559 3792 707 3873 jugulare
729 3811 762 3855 se
783 3793 879 3875 ipsos,
936 3787 1007 3870 ipso
1023 3805 1074 3849 me
1089 3787 1243 3869 separavi.
1251 3786 1419 3869 Quumque
1433 3787 1472 3848 ad
1487 3783 1684 3847 tricesimum

127 3905 195 3950 non
222 3887 423 3950 imitarentur
452 3905 506 3952 eos
531 3889 564 3952 in
588 3888 650 3952 his.
675 3891 728 3952 lsti
753 3909 880 3973 quoque
936 3885 1063 3948 circiter
1077 3905 1197 3948 annum
1212 3885 1363 3960 venisset,
1372 3884 1554 3968 pestilentia
1567 3890 1681 3956 tactus,

8 3998 63 4076 aava.
78 4014 112 4052 u,
127 4003 194 4048 non
211 3993 348 4067 pensant
361 3986 446 4067 quod
461 3987 505 4048 ait
520 3987 662 4051 Salvator
678 4006 685 4050 :
702 3989 791 4051 llulti
806 3999 881 4053 sunt
935 3986 974 4048 ad
990 3991 1132 4047 extrema
1151 3985 1324 4067 perductus
1344 3993 1410 4063 est;
1426 3992 1458 4046 et
1471 3984 1583 4046 videns
1602 4000 1683 4045 mor-

8 4067 113 4112 '³¹¹'¹'¹⁴'
126 4083 349 4166 vocati,pauei
364 4101 440 4147 vero
455 4085 558 4148 electi.
569 4085 628 4160 Qui
643 4105 718 4167 ergo
733 4104 796 4151 non
811 4089 880 4152 vult
935 4091 999 4147 tem
1014 4084 1080 4164 jam
1096 4083 1158 4146 sibi
1174 4083 1354 4158 imminere,
1372 4082 1617 4146 lamentabiliter
1636 4080 1681 4142 di-

126 4201 204 4245 cum
229 4181 338 4244 multis
363 4189 395 4244 et
416 4183 540 4264 magnis
561 4185 782 4266 peccatoribus
806 4204 880 4250 con·
895 4183 920 4245 l)
935 4183 981 4245 xit
998 4201 1004 4244 :
1022 4184 1106 4246 lleul
1124 4203 1210 4245 nunc
1232 4183 1321 4246 venit
1344 4201 1429 4246 mors
1451 4184 1577 4265 quando
1603 4183 1680 4245 inci-

126 4279 286 4354 demnari,
307 4296 372 4342 non
395 4280 509 4343 audeat
531 4299 584 4344 eos
607 4281 639 4343 in
662 4282 754 4346 malis
776 4285 877 4366 sequi.
935 4300 1045 4363 penem
1070 4280 1175 4363 primo
1196 4281 1317 4362 aliquid
1338 4300 1431 4362 egere
1455 4281 1541 4344 boni.
1559 4282 1680 4356 Quibus

125 4377 210 4440 ilinc
234 4378 267 4439 in
286 4377 380 4440 tertia
400 4396 458 4440 sua
477 4378 635 4443 Canonica
656 4380 699 4442 ait
717 4381 877 4445 loannes:
935 4380 1039 4452 dictis,
1065 4380 1211 4461 protinus
1240 4379 1422 4460 exspiravit.
1449 4380 1603 4461 Denique,
1629 4398 1680 4443 co-

10 4479 110 4524 ¹¹³⁰¹vv
125 4475 311 4551 Carissimo,
327 4477 393 4538 noli
418 4477 537 4539 imitari
562 4479 693 4552 malum,
714 4480 769 4542 sed
794 4482 879 4562 quod
934 4477 1007 4539 dem
1030 4495 1114 4539 anno
1143 4495 1206 4558 quo
1231 4477 1381 4540 Ordinem
1410 4478 1571 4558 ingressus
1595 4497 1678 4552 sum,

8 4572 18 4584 ''
125 4573 251 4636 bonum
275 4580 324 4636 est
346 4593 482 4658 semper.
499 4576 617 4658 Accipe
636 4595 711 4658 ergo
733 4579 879 4660 exempla
934 4576 999 4638 vidi
1024 4576 1057 4636 in
1081 4575 1158 4638 villa
1183 4594 1307 4656 magna,
1325 4576 1359 4638 in
1382 4576 1434 4638 die
1458 4577 1678 4652 dedicationis,

123 4667 285 4730 virtutum
309 4687 327 4730 a
349 4668 453 4742 bonis,
471 4687 534 4733 nou
555 4671 708 4734 vitiorum
731 4679 751 4734 a
774 4673 875 4735 malis.
934 4674 1156 4757 presbyterum
1183 4674 1336 4755 juvenem
1367 4675 1603 4739 ultramodum
1628 4695 1679 4739 va-

123 4765 252 4829 'l'ertius
267 4774 315 4829 est
329 4767 440 4830 dilatio
454 4768 555 4831 divini
569 4769 693 4850 judicii.
704 4770 778 4834 ldeo
792 4771 877 4835 Salo·
933 4791 1009 4854 gum
1024 4791 1061 4834 ac
1076 4773 1249 4847 lubricum,
1266 4773 1321 4855 qui
1342 4773 1455 4837 habuit
1468 4793 1565 4856 super
1585 4781 1680 4856 caput

8 4861 109 4918 'iusve
125 4882 204 4927 mon
227 4864 272 4927 ait
288 4882 295 4926 :
311 4865 390 4940 Quia
414 4883 477 4929 non
501 4866 564 4929 cito
585 4867 877 4949 proferturcontra
933 4890 1028 4934 suum
1053 4871 1174 4954 pileum
1197 4872 1405 4935 stramineum
1429 4872 1471 4934 ita
1492 4873 1607 4955 pennis
1628 4891 1679 4955 pa-

11 4957 16 4968 '
123 4963 228 5026 malos
245 4963 415 5043 judicium,
431 4964 553 5048 absque
572 4967 661 5029 omni
681 4967 794 5030 timore
814 4967 876 5030 lilii
931 4988 1051 5032 vonum
1074 4969 1108 5031 in
1129 4969 1229 5032 altum
1255 4971 1370 5032 erectis
1394 4978 1552 5052 opertum,
1569 4978 1605 5032 ut
1625 4971 1678 5032 vix

123 5059 295 5123 bominum
324 5069 509 5144 perpetrant
533 5063 624 5126 mala.
651 5064 711 5128 Sed
735 5066 877 5128 attenda—
931 5075 1070 5130 stramen
1086 5067 1248 5129 videretur
1263 5069 1296 5130 in
1311 5085 1349 5131 eo
1367 5085 1373 5130 :
1391 5069 1446 5151 qui
1462 5069 1574 5132 eodem
1593 5086 1677 5131 anno

8 5177 108 5230 aalma.
124 5177 199 5222 mus
215 5159 299 5241 quod
315 5178 425 5223 rursus
440 5160 588 5224 Salomon
604 5161 875 5245 loquitur:Nescit
930 5165 1099 5230 defunctus
1121 5173 1177 5229 est.
