4214 6254
442 475 503 540 lto
672 494 820 542 noumrcu
841 495 851 540 r
872 495 945 542 rosr
965 493 1159 542 rnrurmrau.
1181 511 1221 522 -
1241 495 1284 540 no
1304 493 1499 558 murorosos3
1520 493 1620 540 sunuo
1640 491 1768 550 onmrns

443 665 618 727 admodum
633 665 718 730 Deus
733 665 967 750 pius,clemens
983 673 1014 728 et
1029 665 1195 728 beneficus
1209 663 1234 726 h
1248 671 1354 728 autem
1370 663 1501 728 initialis
1517 663 1620 727 bonus
1633 661 1755 737 est,sed
1771 659 1970 742 imperfectus
2066 741 2067 768 ,

446 770 495 826 esl
514 780 577 825 nou
599 765 703 828 solum
723 765 817 828 bonis
838 773 869 826 et
887 765 994 846 justis,
1010 764 1065 826 sed
1088 772 1119 827 et
1139 764 1196 826 irn-
1250 770 1280 824 et
1294 770 1413 845 quento
1428 763 1529 844 magis
1545 761 1817 844 perficitor,tunto
1833 759 1929 820 miuus
1941 759 1971 820 de

445 860 511 943 piis
539 869 571 923 et
600 862 741 944 ingratis.
773 864 860 926 Unde
889 863 934 925 eit
963 863 996 926 iu
1025 861 1196 943 Evangelio
1249 861 1423 924 servilitate
1448 860 1544 924 habet
1567 859 1765 940 adjunctum.
1789 857 1923 939 Denique
1942 857 1972 920 de

447 958 592 1022 Christus
614 977 621 1022 :
644 960 771 1043 Diligite
798 961 945 1023 inimicos
970 968 1103 1034 vestros,
1119 967 1193 1034 etc,
1249 959 1309 1022 hac
1331 979 1365 1022 re
1386 959 1415 1023 S.
1433 959 1624 1022 Benedictus
1644 957 1690 1019 eit
1711 957 1744 1019 in
1766 955 1891 1037 Regula,
1905 955 1973 1038 quod

448 1065 482 1118 ut
497 1057 567 1120 sitis
587 1057 648 1120 lilii
665 1059 764 1122 Petris
778 1059 876 1122 vestri
896 1058 951 1141 qui
973 1058 1006 1120 in
1026 1058 1115 1122 coelis
1135 1065 1193 1132 est,
1251 1058 1425 1120 monachus
1440 1076 1541 1140 quum
1557 1075 1614 1138 per
1627 1055 1796 1118 duodecim
1811 1053 1920 1135 gradus
1932 1054 1974 1116 hu-

448 1155 504 1237 qui
528 1155 629 1219 solem
653 1176 748 1220 suurn
772 1157 849 1221 lacit
872 1157 950 1220 oriri
974 1175 1072 1239 super
1095 1156 1195 1219 bonos
1251 1156 1395 1219 militatis
1418 1156 1457 1218 ad
1479 1156 1580 1218 Deum
1601 1153 1791 1227 ascenderit,
1808 1170 1880 1215 mox
1899 1152 1933 1214 ad
1949 1152 1974 1212 il·

448 1261 481 1315 et
499 1253 609 1317 melos.
626 1254 670 1318 De
693 1255 753 1318 hoc
775 1257 822 1318 sic
843 1256 887 1317 ait
905 1256 1041 1318 loannes
1063 1255 1096 1317 in
1117 1272 1196 1336 pre·
1251 1255 1313 1318 lam
1338 1254 1394 1317 Dei
1423 1255 1587 1318 caritatem
1617 1253 1793 1336 perveniet,
1818 1270 1887 1333 quo
1907 1250 1975 1314 leus

448 1351 530 1414 senti
552 1351 688 1435 epistola
705 1372 711 1416 :
728 1352 807 1427 Quia
829 1353 913 1414 sicut
935 1352 989 1414 ille
1010 1359 1069 1427 est,
1085 1360 1117 1414 et
1138 1368 1195 1415 nos
1252 1353 1349 1415 mittit
1372 1353 1530 1416 timorem.
1553 1353 1610 1416 Per
1633 1371 1730 1434 qoam
1754 1350 1976 1431 universaque
2067 1367 2068 1372 ¹

328 1465 333 1476 ·
447 1469 560 1512 sumus
582 1451 615 1514 in
637 1450 697 1515 hoc
720 1451 849 1514 mundo.
1251 1451 1340 1532 prius
1360 1467 1425 1513 non
1444 1450 1514 1513 siue
1529 1449 1701 1512 formidine
1716 1447 1911 1520 observabat,
1923 1446 1975 1527 jan

488 1548 613 1612 Tertius
631 1549 769 1612 ellectus
787 1549 938 1632 estquis
959 1549 1098 1630 perlecta
1119 1548 1196 1611 cari·
1250 1549 1371 1631 absque
1401 1549 1467 1612 ullo
1493 1548 1600 1612 labore
1626 1548 1715 1611 velut
1743 1546 1923 1610 naturaliter
1947 1566 1977 1607 er

448 1652 495 1710 las
518 1646 604 1710 lorus
628 1647 737 1722 mittit,
760 1647 791 1710 id
816 1655 874 1722 est,
896 1647 1027 1710 omuino
1049 1667 1067 1710 a
1088 1666 1122 1709 se
1146 1665 1197 1710 cx·
1250 1647 1481 1711 consuetudine
1498 1646 1631 1729 incipiet
1645 1645 1816 1720 custodire,
1829 1662 1891 1707 nou
1904 1645 1978 1706 timo

447 1745 550 1826 pellit,
565 1745 716 1810 timorem
738 1764 818 1828 pure
841 1745 1003 1820 servilem,
1023 1746 1080 1827 qui
1101 1744 1197 1808 hahet
1251 1765 1285 1808 re
1298 1746 1458 1828 gehenne,
1468 1746 1523 1808 sed
1539 1745 1655 1808 Christi
1670 1761 1786 1816 amore,
1796 1751 1829 1806 et
1845 1744 1910 1826 ipsa
1922 1759 1978 1805 con·

446 1861 586 1925 poenam,
603 1844 633 1908 id
658 1854 714 1920 est,
731 1862 858 1927 poenam
883 1851 1024 1906 meretur
1042 1844 1074 1906 in
1095 1862 1193 1926 quan·
1211 1845 1235 1908 B
1252 1845 1421 1908 suetudine
1443 1844 1526 1907 bona
1546 1862 1583 1906 ec
1602 1843 1813 1906 delectatione
1830 1841 1978 1904 virtutum.

446 1949 514 2004 turn
535 1943 661 2006 servilis
681 1950 739 2006 est.
758 1943 877 2006 Ueritas
896 1960 1035 2025 nemque
1055 1941 1209 2026 perlecta
1291 1945 1411 2026 lteqne,
1428 1951 1474 2006 tot
1495 1941 1674 2006 rationibus
1694 1941 1734 2004 eb
1755 1941 1906 2024 Apostolo
1924 1960 1979 2002 san-
2068 1947 2069 1990 l

446 2042 603 2104 convertit
617 2048 719 2105 toturn
740 2041 880 2104 hominis
895 2059 949 2104 cor
968 2041 1007 2103 ad
1023 2042 1134 2115 Deum,
1152 2041 1196 2102 ite
1251 2051 1302 2107 cto
1326 2043 1359 2104 iu
1389 2042 1537 2124 praesenti
1559 2040 1693 2123 epistola
1721 2039 1826 2116 tactis,
1850 2058 1981 2103 curemus

445 2139 530 2220 qnod
553 2139 621 2203 solo
643 2139 698 2202 Dei
725 2139 843 2202 intuitu
863 2159 900 2202 ae
922 2157 1003 2222 puro
1024 2139 1095 2220 ejus
1116 2138 1195 2201 alle·
1251 2160 1378 2224 semper
1401 2141 1475 2203 totis
1500 2140 1623 2202 viribus
1648 2139 1811 2204 ceritatem
1836 2137 1980 2220 amplecti,

446 2243 511 2312 ctu,
527 2254 591 2300 uon
613 2256 651 2300 er
673 2237 845 2300 lormidine
867 2255 980 2320 poeuae,
997 2238 1052 2299 sed
1074 2246 1110 2299 ot
1129 2236 1195 2300 Deo
1251 2240 1284 2302 in
1308 2258 1346 2302 ee
1370 2257 1509 2313 manere,
1533 2237 1701 2320 prolicere,
1725 2236 1852 2320 perlici,
1873 2245 1903 2299 et
1924 2255 1981 2318 pro

445 2334 643 2418 complaceat
656 2354 692 2398 ac
708 2335 849 2409 uniatur,
860 2342 892 2398 et
906 2354 947 2398 ne
961 2353 1036 2398 enm
1051 2334 1194 2398 ollendet
1251 2337 1354 2399 simos
1377 2335 1499 2417 absque
1524 2334 1760 2408 amaricatione,
1786 2333 1920 2396 dulciter
1941 2350 1982 2413 ap

445 2440 501 2495 ent
521 2433 687 2515 elongetur
705 2433 746 2496 eb
767 2433 848 2516 ipso,
864 2433 941 2496 lacit
962 2432 1045 2496 bona
1065 2441 1097 2496 et
1116 2433 1195 2496 vitat
1251 2434 1448 2517 prehendere
1462 2441 1495 2496 et
1508 2433 1704 2514 benignellt
1718 2431 1870 2514 quoniam
1886 2431 1983 2494 caritas

448 2531 539 2594 mala.
557 2532 665 2595 Timor
681 2539 788 2596 autem
808 2531 934 2594 servilis
955 2539 1063 2594 movet
1081 2532 1119 2594 ad
1140 2531 1194 2595 bo·
1250 2540 1359 2596 sancta
1372 2531 1496 2615 patiens
1512 2539 1560 2595 est
1574 2539 1605 2595 et
1619 2531 1767 2613 benigue,
1784 2549 1850 2594 non
1865 2530 1983 2593 reddens
1998 2547 2041 2591 ree.

445 2647 486 2691 ua
510 2630 704 2713 retrahitque
724 2649 742 2692 a
763 2629 866 2705 malie,
887 2647 951 2694 non
975 2648 1084 2693 amore
1104 2629 1195 2710 justi·
1251 2631 1370 2693 malurn
1387 2647 1444 2713 pro
1460 2630 1554 2704 melo,
1566 2648 1625 2692 nec
1641 2630 1871 2703 intumescens,
1882 2629 1984 2691 ideirco
1994 2616 2008 2655 ‘⁴

444 2725 507 2801 tiae,
524 2747 583 2792 nec
603 2727 754 2791 bonitatis
777 2728 898 2792 ellectu
920 2736 975 2791 aut
996 2727 1053 2790 Dei
1073 2746 1193 2804 amore,
1251 2749 1309 2812 per
1338 2729 1536 2811 patientiam,
1566 2727 1809 2810 benignitatem,
1841 2727 1985 2790 remissie

444 2826 500 2888 sed
523 2845 690 2909 poenarum
716 2827 900 2901 lormidine,
922 2846 964 2891 ne
986 2827 1126 2909 patietur
1149 2828 1196 2890 in·
1252 2847 1326 2891 nem
1342 2827 1715 2908 injuricuhumilitatem,
1724 2827 1929 2900 alacritatem,
1938 2826 1986 2888 ler-

445 2927 662 2989 commodum.
689 2925 822 3000 Idcirco,
849 2925 895 2988 sic
919 2926 1036 2990 timens
1066 2927 1195 2989 caritate
1252 2944 1373 3001 vorem,
1390 2925 1612 3001 constentiam,
1629 2927 1836 2989 ostendamus
1857 2944 1913 2989 nos
1930 2943 1987 2988 esse

2047 2557 2070 2587 Γ(

446 3040 510 3085 non
526 3023 727 3100 informatur,
738 3025 794 3087 sed
811 3024 842 3086 in
860 3025 985 3087 mortali
1001 3025 1107 3088 sordet
1123 3043 1195 3107 pec·
1211 3033 1232 3096 c
1252 3025 1286 3087 in
1301 3025 1442 3087 caritate.
1458 3024 1558 3087 Nemo
1577 3032 1723 3087 nostrum
1742 3023 1785 3086 sit
1799 3025 1986 3108 querulosus,
2070 3077 2071 3090 ,

446 3128 517 3184 cato
534 3138 541 3183 :
558 3139 633 3184 nem
648 3121 721 3185 talis
736 3115 832 3184 timor
847 3140 886 3184 ex
906 3123 1031 3204 privato
1046 3129 1195 3184 causatur
1253 3123 1478 3197 vindicativus‚
1502 3121 1772 3205 indignabundus,
1798 3141 1925 3212 ammus
1945 3128 1988 3184 eut

445 3237 554 3283 amore
573 3228 606 3284 et
624 3219 691 3283 lide
711 3220 853 3283 informi.
871 3220 979 3284 Timor
995 3238 1069 3285 vero
1085 3219 1196 3284 filialis
1252 3222 1370 3302 durus3
1396 3221 1450 3284 sed
1477 3220 1534 3304 pii,
1557 3221 1670 3303 quieti,
1693 3221 1812 3297 devoti,
1836 3241 1945 3285 suaves
1964 3228 1989 3282 el

445 3324 478 3379 et
498 3325 617 3392 castus,
633 3335 697 3400 quo
717 3319 773 3382 Uei
793 3318 919 3381 olleusa
939 3318 1141 3395 lormidatur,
1158 3338 1196 3381 er
1252 3320 1383 3383 stabiles
1408 3338 1535 3402 semper
1558 3320 1659 3382 simus
1679 3339 1736 3382 seu
1757 3339 1829 3383 esse
1852 3337 1990 3384 conemur

447 3416 577 3478 caritate
597 3417 742 3499 procedit
761 3423 793 3478 et
812 3417 841 3479 ei
862 3417 1072 3480 connectitur.
1089 3418 1197 3481 Timor
1254 3419 1287 3482 in
1309 3419 1452 3482 Domino.

982 3843 1174 3936 stulto
1211 3847 1463 3950 QUINTUS

548 4117 588 4164 DE
608 4115 736 4164 secubat
757 4115 902 4164 cohaohts
923 4115 1132 4173 Arrttortortu,
1153 4114 1341 4171 mtrtlotoolt
1361 4115 1415 4162 vlt
1436 4115 1571 4173 sotum,
1591 4115 1695 4162 Nattae
1715 4116 1904 4176 rothertus,

974 4213 1193 4262 lLLUlllNATlVA
1215 4214 1253 4261 ΕΤ
1273 4213 1471 4262 ruarucnvh.

519 4497 626 4557 IVES
655 4495 858 4556 induebatur
883 4513 1041 4572 purpura
1069 4503 1099 4554 et
1129 4495 1199 4572 bys·
1214 4491 1239 4554 D
1255 4493 1514 4569 relrenationem,
1545 4495 1721 4559 carnalium
1753 4497 1991 4560 delectationum

528 4611 572 4661 so,
588 4600 618 4650 et
637 4593 834 4668 epulabatur
852 4592 998 4670 quotidie
1017 4593 1195 4666 splendide.
1253 4594 1520 4675 aspernationem,
1537 4593 1602 4656 cibi
1618 4602 1649 4656 et
1664 4603 1757 4676 potus
1771 4594 1990 4678 parsimoniam

449 4689 525 4752 Luc.
541 4707 605 4761 xvr,
622 4686 670 4752 lu.
1253 4691 1291 4752 ad
1308 4691 1470 4754 coelestem
1486 4698 1590 4774 potest
1605 4693 1787 4775 paradisum
1803 4693 1991 4756 reducillinc

490 4787 583 4850 Omni
599 4785 779 4848 Christiano
794 4785 973 4848 necessarie
988 4792 1036 4847 est
1051 4786 1116 4847 vita
1135 4803 1200 4868 poe-
1254 4789 1397 4852 Christus
1418 4790 1451 4852 in
1474 4790 1645 4872 Evangelio
1662 4809 1668 4853 :
1685 4791 1738 4855 Vee
1756 4792 1893 4874 (iuquit)
1911 4791 2072 4854 vobistnr-t

450 4885 637 4959 nitentialis,
667 4883 832 4964 castigatio
861 4884 1015 4966 corporis,
1045 4882 1199 4946 sobrietas
1254 4888 1418 4963 divitibus,
1444 4889 1499 4971 qui
1525 4888 1649 4952 hahetis
1674 4891 1924 4954 consolationem
1948 4877 2025 4952 rest*

450 5003 534 5050 vcra.
557 4983 663 5047 Genus
687 5001 828 5065 namque
851 4983 1042 5058 humanum,
1069 4991 1200 5065 propter
1254 4994 1370 5066 strem3
1396 5007 1443 5052 vae
1467 4986 1558 5050 vobis
1581 4988 1637 5070 qui
1662 4990 1793 5052 saturati
1817 4990 1908 5064 estis,
1928 4989 1992 5072 quie

450 5083 662 5147 inordinatam
678 5081 1132 5164 concupiscentiam,illicitam
1148 5099 1200 5144 vo
1254 5085 1412 5148 esurietis.
1435 5086 1588 5160 Quocirca
1612 5087 1656 5149 eit
1679 5087 1893 5172 Hieronymus
1916 5109 1923 5152 :
1943 5089 1993 5150 lm-

451 5185 605 5266 luptstem
621 5187 653 5244 et
667 5179 732 5243 cibi
753 5180 1028 5243 immoderantiam
1046 5179 1200 5262 aparadi·
1256 5183 1408 5267 possibile
1432 5191 1480 5246 est
1504 5186 1627 5267 replere
1655 5187 1708 5249 hic
1732 5195 1890 5262 ventrem,
1915 5196 1945 5250 et
1965 5187 1992 5248 in

450 5301 485 5365 so
499 5281 713 5365 ejectum,uou
729 5279 791 5344 nisi
805 5298 862 5362 per
873 5278 1200 5361 concupiscentiarum
1255 5281 1364 5347 luturo
1386 5290 1535 5346 mentem.
