4192 6258
497 537 644 584 ooururcn
665 537 707 582 xx
729 537 802 584 rosr
821 537 1015 584 rnrurrsrau,
1036 556 1077 566 -
1097 539 1196 587 sannio
1217 540 1327 586 rnruos
1627 521 1686 586 tlt

133 709 237 772 simos
256 717 313 771 aut
335 707 533 792 insipientes,
550 712 606 774 sed
628 711 757 775 discreti
778 729 815 774 ae
836 729 883 772 sa·
899 711 924 774 A
979 709 1095 783 Quinto
1111 711 1203 774 docet
1219 718 1253 774 ut
1268 710 1462 793 impleamur
1476 707 1597 794 Spiritu
1614 710 1688 774 San·
1713 723 1800 781 apua.
1811 738 1833 776 v.

133 807 270 888 pientes,
288 806 496 889 intelligendo
511 827 582 892 quae
597 810 639 872 sit
653 809 709 872 Dei
725 809 882 882 voluntas,
939 815 999 872 cto.
1018 809 1183 892 Siquidem
1199 810 1320 892 Spiritu
1336 809 1451 873 Sancto
1468 809 1607 892 impleri,
1623 826 1687 873 non
1702 789 1735 830 ¹⁸·

133 904 212 987 quid
227 905 370 988 requirat
384 923 403 968 a
418 905 662 970 nobis.Studeat
677 907 774 989 igitur
788 925 884 969 unus·
938 914 987 969 est
1008 907 1094 970 aliud
1117 927 1213 990 quam
1238 908 1339 989 gratia
1360 908 1431 989 ejus
1455 925 1492 970 ac
1514 907 1687 970 virtutibus

132 1003 271 1085 quisque
294 1021 487 1084 cognoscere
509 1005 548 1067 ad
572 1024 643 1087 qua
667 1005 787 1087 obliget
808 1023 882 1068 eum
939 1004 1072 1087 perlici;
1088 1014 1121 1068 et
1139 1014 1258 1089 quanto
1278 1006 1350 1089 quis
1371 1005 1578 1070 allectuosius
1598 1006 1688 1088 cupit

131 1102 258 1164 vocatio
273 1121 340 1166 sus.
350 1102 624 1176 Quemadmodum
640 1104 726 1168 euim
742 1103 882 1185 religiosi
938 1103 1002 1166 lleo
1024 1103 1151 1185 placere
1171 1123 1310 1186 eumque
1331 1104 1364 1167 in
1384 1104 1534 1168 omuibus
1553 1103 1688 1167 honora-

131 1199 216 1264 scire
235 1207 383 1264 tenentur
404 1200 443 1263 ad
466 1221 537 1284 quae
561 1221 600 1266 ex
622 1221 680 1266 sua
704 1201 813 1283 regula
831 1202 883 1264 ad·
938 1221 983 1276 re,
1000 1209 1088 1265 tauto
1112 1203 1258 1284 capacior
1278 1202 1318 1264 tit
1340 1202 1525 1284 repletionis
1549 1201 1686 1284 Spiritus

131 1299 344 1380 stringuntur,
362 1306 397 1362 ut
412 1299 567 1382 impleant
581 1319 634 1380 ea;
651 1302 697 1364 sic
715 1300 882 1364 saculares
938 1300 1055 1364 Sancti.
1075 1300 1134 1374 oui
1158 1318 1233 1380 ergo
1254 1300 1325 1362 vult
1345 1299 1466 1382 Spiritu
1490 1299 1605 1362 Sancto
1629 1300 1687 1362 im-

131 1397 255 1460 discere
270 1397 388 1460 debent
402 1416 439 1460 ac
454 1399 536 1462 scire
549 1400 589 1462 ad
605 1419 675 1481 qua
696 1399 817 1462 ratione
832 1399 882 1461 sui
937 1398 1030 1481 pleri,
1048 1406 1168 1479 satagat
1180 1398 1221 1462 ab
1241 1398 1330 1462 omni
1350 1398 1475 1460 macula
1496 1398 1598 1480 culpae
1614 1417 1687 1480 pur-

131 1501 234 1557 status
250 1495 314 1557 sint
333 1495 475 1577 obligati,
492 1504 528 1558 ut
546 1498 706 1578 conjugati
727 1497 827 1560 sciant
843 1497 881 1559 ad
937 1497 1015 1578 gari,
1044 1515 1142 1580 seque
1171 1496 1211 1559 ab
1241 1496 1327 1560 omni
1359 1496 1414 1559 Dei
1445 1496 1686 1560 inhonoratione

130 1613 204 1676 que
225 1593 408 1674 obligantur
432 1595 465 1656 in
492 1603 647 1677 quantum
675 1604 749 1658 suut
772 1595 882 1676 conju·
938 1614 1063 1658 servare
1079 1596 1270 1669 immunem,
1286 1603 1318 1658 et
1334 1595 1461 1658 fervens
1476 1595 1518 1657 sit
1535 1595 1573 1658 ad
1590 1594 1687 1677 proli-

130 1693 209 1774 gati,
227 1691 303 1755 item
326 1693 365 1755 ad
390 1712 470 1776 qua,
487 1695 521 1756 in
544 1703 699 1777 quantum
721 1702 880 1777 parentes,
937 1694 1087 1756 ciendum
1104 1693 1136 1756 in
1152 1694 1241 1757 omni
1257 1693 1385 1756 virtute.
1403 1692 1500 1757 Docet
1517 1710 1592 1773 ergo
1605 1694 1687 1775 Apo-

132 1790 245 1873 sicque
266 1791 306 1853 de
327 1791 399 1854 aliis
417 1792 522 1873 :juris
544 1811 682 1874 namque
704 1792 882 1874 ignorantia
937 1793 1036 1855 stolus
1066 1801 1101 1855 ut
1131 1793 1324 1874 impleamur
1352 1791 1472 1875 Spiritu
1502 1792 1627 1866 Sancto,
1654 1791 1686 1855 id

132 1906 198 1952 uon
219 1897 359 1952 excusat.
898 1889 922 1952 B
937 1898 995 1965 est,
1012 1891 1082 1972 ejus
1098 1891 1274 1972 repletione
1295 1889 1503 1955 exhibeamus
1518 1906 1576 1952 uos
1591 1890 1686 1954 modo

11 1999 17 2014 ’
60 2015 116 2054 av,
174 1987 290 2061 Quarto
313 1988 406 2052 docet
429 2007 469 2050 ne
489 1988 565 2051 vino
590 1988 798 2064 inebriemur,
821 2007 880 2052 nec
937 1989 1029 2053 nobis
1053 1989 1200 2072 possibili
1222 1990 1346 2071 dignos,
1363 1989 1473 2072 sicque
1496 1995 1608 2052 mutuo
1627 2006 1685 2052 nos

11 2097 17 2108 ·
131 2086 241 2169 aliquo
256 2095 344 2169 potu,
361 2106 461 2170 quum
475 2095 508 2150 et
521 2106 636 2170 aquam
653 2087 817 2170 superflue
833 2086 880 2148 bi·
937 2089 1102 2152 hortemur
1116 2089 1154 2150 ad
1170 2088 1252 2151 bene
1267 2088 1436 2169 agendum,
1449 2087 1487 2148 ad
1503 2087 1603 2149 Deum
1620 2086 1686 2149 lau-

131 2185 208 2248 bere
236 2185 278 2248 sit
302 2193 481 2267 peecatum.
509 2185 652 2248 Ebrietas
680 2204 818 2267 namque
841 2205 880 2249 ex
936 2187 1089 2262 dandum,
1100 2187 1139 2249 ad
1156 2186 1400 2250 desiderandum
1418 2185 1534 2248 luturae
1549 2183 1684 2248 beatitu-

129 2301 189 2347 suo
203 2303 320 2366 genere
336 2292 384 2348 est
398 2284 531 2347 mortale
547 2285 880 2367 peccatum,quamvis
936 2285 1020 2348 dinis
1040 2285 1204 2366 gaudium,
1221 2292 1253 2347 ct
1273 2285 1373 2347 [teum
1394 2290 1501 2347 mente
1518 2283 1685 2346 laudemus

128 2382 302 2465 aliquando
317 2401 335 2444 a
350 2390 437 2446 tanto
451 2390 621 2446 excusetur
635 2382 773 2464 piaculo,
783 2402 880 2465 quan·
936 2385 1031 2446 etiam
1054 2384 1085 2445 iu
1105 2382 1370 2465 occupationibus
1394 2381 1620 2457 exterioribus,
1640 2390 1686 2444 at-

129 2481 171 2544 do
192 2481 342 2544 videlicet
362 2481 430 2564 ipse
449 2480 563 2544 bibens
584 2498 648 2544 non
671 2481 807 2543 advertit
825 2489 879 2542 aut
935 2499 998 2563 que
1022 2481 1126 2543 eidem
1150 2498 1208 2562 pro
1229 2480 1389 2542 universis
1411 2478 1582 2542 beneficiis
1601 2480 1683 2561 ejus,

128 2581 233 2644 nescit
261 2580 347 2663 quod
377 2587 470 2662 potus
499 2598 597 2662 quem
621 2580 740 2662 accipit
767 2579 810 2642 sit
834 2580 879 2641 in·
935 2587 999 2641 tam
1015 2579 1107 2643 nobis
1122 2598 1219 2662 quam
1234 2579 1306 2641 aliis
1322 2579 1685 2660 impertitis,releramus

128 2676 315 2741 ebriativus
338 2677 370 2742 si
389 2685 496 2740 autem
515 2678 658 2741 advertat
677 2685 788 2760 potum
809 2695 879 2740 esse
932 2677 1052 2758 jugiter
1066 2677 1183 2759 gratias
1203 2675 1368 2739 cordiales.
1385 2676 1438 2739 Ait
1456 2695 1596 2758 namque
1610 2677 1685 2739 Ber·

128 2775 377 2838 immoderatum
401 2795 437 2838 ac
462 2775 700 2850 inebriativum,
721 2783 753 2838 et
777 2776 879 2839 nihilo
933 2776 1052 2839 nardus
1069 2793 1076 2838 ε
1093 2775 1308 2857 Peremptoria
1330 2793 1380 2837 res
1404 2782 1453 2837 est
1477 2774 1682 2856 ingratitudo,

129 2875 238 2937 minus
264 2874 353 2937 malit
378 2873 529 2937 inebriari
554 2892 650 2957 quam
671 2894 690 2936 a
710 2882 786 2957 potu
810 2894 878 2938 ces·
933 2875 1041 2955 gratiae
1066 2875 1177 2949 bostis,
1204 2873 1335 2935 inimica
1359 2872 1481 2946 salutis,
1508 2873 1683 2936 exinanitio

128 2992 211 3046 sare,
229 2973 256 3036 si
282 2979 358 3035 tunc
384 2971 570 3046 inebrietur,
590 2973 727 3036 ebrietas
752 2973 807 3036 illa
831 2981 879 3036 est
934 2972 1133 3046 meritorum,
1149 2972 1305 3033 virtutum
1321 2969 1490 3052 dispersio,
1507 2969 1682 3033 benolicio·

127 3071 225 3153 culpa
245 3071 398 3145 mortalis,
415 3071 566 3153 quoniam
583 3090 642 3134 usu
662 3091 696 3134 se
712 3072 817 3154 privat
831 3092 877 3136 ra·
896 3070 917 3135 C
934 3089 1005 3132 rum
1030 3070 1178 3152 perditio,
1196 3069 1317 3132 iontem
1342 3068 1470 3151 pietatis
1494 3067 1557 3131 sibi
1581 3068 1682 3131 desie-

126 3170 237 3244 tionis,
253 3178 286 3232 et
304 3169 457 3252 peccandi
472 3170 624 3252 periculis
645 3189 679 3234 se
695 3172 875 3235 committit.
933 3187 1019 3231 caus.
1035 3168 1122 3231 Nihil
1138 3169 1184 3230 sic
1199 3166 1348 3249 displicet
1363 3167 1438 3241 Deo,
1454 3167 1632 3249 presertim
1649 3167 1682 3230 in

126 3269 261 3332 Summe
278 3286 352 3349 ergo
371 3267 507 3332 ebrietas
527 3277 577 3330 est
594 3269 733 3344 vitanda,
750 3271 824 3352 quia
844 3270 877 3333 in
933 3266 1012 3329 tiliis
1037 3266 1156 3348 gratiae,
1174 3265 1258 3328 sicut
1281 3264 1474 3346 ingratitudo
1492 3282 1498 3327 :
1516 3283 1590 3328 nam
1615 3265 1682 3328 vias

125 3386 161 3429 se
178 3375 242 3430 tam
259 3367 372 3430 vitiosa
392 3374 451 3442 est,
467 3374 499 3430 et
519 3367 621 3430 multa
637 3376 767 3449 generat
786 3369 876 3443 vitia,
932 3365 1070 3429 obstruit
1082 3363 1200 3445 gratie.
1208 3362 1368 3445 Quidquid
1385 3363 1481 3444 igitur
1494 3362 1582 3437 boui,
1593 3363 1682 3445 quid-

124 3485 229 3549 quum
246 3465 342 3529 etiam
358 3484 396 3529 ex
412 3483 449 3528 ea
469 3463 652 3548 frequenter
667 3473 815 3529 nascatur
829 3467 876 3529 lu·
933 3463 1009 3545 quid
1029 3462 1157 3526 virtutis
1176 3480 1213 3524 ac
1235 3461 1412 3525 devotionis
1431 3468 1486 3523 aut
1506 3461 1681 3543 spiritualis

124 3565 230 3626 xuria.
248 3564 451 3627 Consuetudo
465 3581 541 3628 vero
556 3583 590 3626 se
610 3563 789 3628 inebriandi
807 3583 876 3646 gra·
932 3561 1157 3626 consolationis
1174 3560 1207 3622 in
1223 3568 1254 3624 te
1269 3559 1471 3634 est,refunde
1485 3559 1519 3622 in
1535 3579 1608 3622 eum
1625 3559 1681 3642 qui

125 3661 300 3724 vissimum
315 3660 574 3744 vilissimumque
592 3669 759 3744 peccatum
777 3669 834 3724 est.
932 3659 1084 3738 contulit3
1109 3676 1174 3722 non
1198 3666 1285 3722 tuam
1311 3676 1433 3740 quaeras
1457 3657 1602 3739 gloriam,
1624 3657 1679 3720 sed

168 3759 313 3841 Denique
327 3759 404 3822 vitia
420 3759 480 3822 ista
494 3759 644 3833 carnalia,
654 3759 777 3822 scilicet
790 3759 874 3840 gula,
932 3757 1044 3840 ipsius.

124 3857 435 3931 luxuriae-dicuntur
453 3857 532 3921 vitia
551 3857 689 3920 maxime
709 3858 877 3940 exprobra·
971 3855 1132 3919 Postremo
1147 3855 1240 3919 docet
1253 3853 1423 3937 Apostolus
1437 3861 1471 3916 ut
1485 3853 1624 3917 invicem
1640 3855 1680 3917 si·
1704 3875 1763 3922 rata.
1776 3878 1811 3922 21.

123 3954 218 4028 bilia,
252 3954 327 4036 quia
361 3962 435 4016 suut
469 3955 607 4018 maxime
641 3953 808 4018 inhonesta
839 3975 875 4019 ac
931 3974 1003 4016 mus
1019 3953 1158 4035 subiecti
1173 3954 1207 4016 in
1222 3954 1338 4016 timore
1351 3952 1679 4035 Altissimi,quatenus

123 4052 246 4135 turpia,
271 4053 346 4135 quia
370 4053 540 4135 parificant
568 4053 730 4117 homiuem
761 4053 874 4129 brutis,
931 4053 1038 4116 nullus
1058 4071 1116 4135 per
1129 4053 1367 4116 animositatem
1386 4070 1420 4114 se
1440 4049 1588 4132 preferat
1605 4053 1680 4114 alte

122 4160 157 4215 et
183 4150 264 4214 nihil
289 4151 329 4214 de
353 4150 474 4214 lumine
500 4152 631 4216 rationis
655 4151 818 4216 invenitur
842 4155 874 4218 iu
930 4152 1033 4226 ri,sed
1048 4171 1088 4214 ex
1103 4151 1284 4215 humilitate
1300 4149 1484 4212 inferiorem
1501 4168 1534 4212 se
1549 4149 1680 4214 arbitre-

121 4250 183 4314 eis.
201 4248 282 4312 ilinc
305 4249 350 4311 ait
374 4248 585 4333 Hieronymus
602 4267 610 4312 ε
627 4250 719 4313 Ensis
743 4251 874 4325 diaboli,
890 4251 915 4314 D
929 4258 982 4313 tur
1000 4250 1109 4333 aliquo
1130 4249 1224 4312 modo
1241 4265 1249 4310 ·:
1266 4247 1342 4330 quia
1362 4246 1421 4310 etsi
1441 4247 1513 4330 quis
1535 4247 1680 4311 videatur

121 4348 256 4411 luxuria
270 4353 327 4410 est.
345 4347 423 4422 Heu,
436 4355 513 4430 quot
529 4347 583 4411 illa
598 4347 760 4412 interiecit
773 4349 876 4414 rhom-
931 4349 1069 4412 multum
1096 4347 1237 4430 iniquus,
1254 4345 1357 4428 qualis
1382 4353 1489 4408 tamen
1514 4345 1547 4407 in
1572 4345 1680 4409 divina

121 4446 238 4530 phaeat
255 4445 324 4508 Nou
338 4453 386 4508 cst
405 4445 493 4508 aliud
513 4455 679 4528 peecatum
700 4465 764 4529 quo
780 4449 874 4512 toties
931 4446 1207 4531 predestinatione
1230 4444 1383 4508 consistat
1402 4461 1460 4507 nos
1483 4444 1568 4519 latet,
1585 4453 1617 4508 et
1639 4445 1678 4508 de

121 4543 274 4608 diabolus
288 4543 391 4606 victor
406 4545 546 4608 exsistat.
564 4546 674 4626 Fugite
694 4546 873 4610 luxuriam:
931 4545 1023 4609 nobis
1044 4544 1122 4626 ipsis
1142 4563 1254 4606 sumus
1272 4541 1415 4624 ambigui
1434 4561 1474 4605 au
1495 4543 1595 4606 simus
1615 4543 1678 4607 ele·

120 4661 202 4706 nam
223 4643 307 4706 sicut
324 4643 490 4724 virginitas
510 4644 673 4707 hominem
695 4654 799 4727 aquat
820 4665 874 4709 an·
931 4646 986 4719 cti,
999 4644 1064 4707 imo
1079 4663 1119 4705 an
1135 4643 1236 4705 simos
1253 4642 1285 4704 in
1299 4641 1430 4705 caritate
1446 4641 1571 4704 incerti.
1584 4642 1614 4704 Si
1631 4661 1679 4704 er·

120 4741 219 4824 gelis,
236 4741 283 4804 sic
307 4741 433 4804 luxuria
455 4741 570 4818 brutis,
587 4743 652 4806 imo
676 4743 778 4808 brutis
799 4743 876 4808 lacit
930 4762 970 4826 go
985 4743 1024 4806 ad
1044 4740 1235 4822 evangelicae
1250 4741 1329 4823 legis
1349 4741 1489 4823 pertinet
1506 4741 1676 4822 puritatem

120 4839 282 4922 pejorem.
309 4839 367 4902 Pro
396 4839 485 4903 nullo
509 4840 573 4903 alio
600 4850 731 4924 peccato
761 4843 877 4925 legitur
932 4851 967 4906 ut
982 4859 1092 4906 omnes
1108 4841 1209 4904 simus
1229 4838 1366 4922 subjecti
1384 4839 1521 4903 invicem
1540 4839 1572 4902 in
1588 4841 1679 4904 timo·

16 4975 33 5004 a.
43 4965 105 5013 nr.
120 4940 210 5002 [leus
225 4938 491 5010 dixisse‚Poenitet
505 4958 554 5002 me
570 4939 684 5004 fecisse
698 4941 876 5021 hominem3
932 4961 965 5004 re
981 4940 1048 5016 Dei,
1066 4939 1158 5021 longe
1178 4957 1308 5022 prorsus
1323 4958 1341 5001 a
1356 4939 1420 5002 [teo
1439 4947 1471 5001 et
1489 4938 1529 5001 ab
1544 4957 1678 5021 evange·
1778 4999 1782 5006 .

119 5053 187 5098 nee
210 5053 269 5118 pro
289 5034 353 5098 alio
371 5035 478 5118 aliquo
502 5043 634 5118 peccato
656 5045 720 5100 tam
746 5038 877 5102 manile
932 5041 1001 5103 licae
1017 5039 1095 5120 legis
1110 5046 1220 5103 tenore
1240 5038 1353 5101 remoti
1375 5045 1450 5100 sunt
1464 5038 1519 5120 qui
1537 5039 1679 5121 superio-

120 5142 208 5198 stam
229 5134 373 5197 exercuit
392 5134 556 5210 ultionem,
573 5137 725 5218 quoniam
747 5145 877 5220 propter
929 5139 1021 5203 ¹ribus
1044 5139 1110 5202 suis
1134 5137 1264 5202 obedire
1288 5155 1351 5201 nou
1376 5143 1499 5212 curant,
1515 5137 1577 5210 vel,
1594 5138 1679 5220 quod

17 5227 100 5318 ἔχω’
120 5235 188 5296 hoc
203 5233 320 5296 vitium
336 5232 461 5296 induxit
476 5236 596 5298 mundo
614 5235 784 5312 diluvium,
800 5238 878 5300 Pen-
932 5239 1060 5321 gravius
1082 5244 1140 5314 est,
1155 5244 1377 5319 aspernantur.

17 5304 103 5397 ἔξω
119 5332 325 5416 tepolimque
347 5332 533 5397 combussit.
973 5339 1083 5420 ltaque
1107 5337 1163 5420 qui
1184 5336 1281 5418 hujus
1305 5335 1448 5418 epistolae
1471 5334 1561 5418 cupit
1583 5335 1679 5400 docu·
