4140 6258
475 523 622 572 belluina
642 523 663 571 X
684 523 972 572 ressumthum.
992 541 1033 554 ···
1054 523 1153 572 saule
1174 523 1327 574 SECUNDUS

639 936 831 1023 SERMO
869 936 1165 1026 SECUNDUS

246 1203 288 1249 DE
309 1203 428 1250 CHRISTI
448 1202 609 1260 Chlll'l'ffl,
630 1203 769 1260 Plarasa,
790 1202 1002 1251 ceurasslettu
1023 1203 1060 1250 ΕΤ
1081 1203 1329 1270 mauritanorum
1350 1206 1388 1252 ΕΤ
1408 1206 1558 1263 uotum

578 1301 706 1349 enatare
727 1302 759 1348 IN
780 1301 832 1349 uls
853 1300 1049 1350 ceureamu
1069 1303 1219 1350 atauus.

164 1583 423 1647 MITATORES
438 1581 503 1646 Dei
520 1589 629 1652 estote,
644 1582 729 1642 siem
742 1581 811 1658 filii
823 1599 874 1639 ea·
890 1577 915 1644 l
929 1587 1023 1642 tenus
1046 1579 1210 1644 christiani
1229 1581 1366 1646 nimium
1387 1582 1515 1656 distant,
1538 1581 1593 1665 qui
1615 1599 1677 1645 uon

174 1683 361 1750 rfssima',·et
374 1681 538 1741 ambulate
548 1681 584 1740 in
598 1680 875 1750 dilectionesa'cet
931 1678 1033 1742 solum
1049 1697 1106 1762 pro
1122 1679 1245 1761 magnis
1261 1679 1400 1762 injuriis,
1416 1681 1482 1744 imo
1501 1698 1559 1763 pro
1578 1679 1679 1744 medi-

129 1789 157 1842 et
177 1779 329 1841 Christus
348 1779 469 1838 dilevit
489 1797 556 1838 nes.
576 1776 691 1861 Ephes.
712 1794 742 1851 v,
765 1775 793 1850 l,
810 1773 839 1838 2.
931 1795 968 1840 ca
983 1777 1229 1860 parvipensione
1244 1798 1299 1842 seu
1314 1778 1460 1843 irrisione
1474 1779 1613 1861 graviter
1632 1778 1679 1841 in·

166 1875 377 1957 Evangelium
400 1874 590 1938 hodiernum
610 1875 708 1938 saeris
730 1871 876 1956 plenissi·
931 1876 1112 1957 dignantur,
1129 1877 1294 1940 iracundia
1317 1877 1568 1954 inflammantur,
1581 1877 1681 1940 viudi-

129 1995 216 2039 mum
248 1982 296 2038 est
320 1972 474 2036 doctrinis
497 1980 529 2036 et
554 1991 627 2036 vere
655 1970 875 2035 saluberrimis
931 1983 1014 2038 etam
1031 1975 1149 2040 inferre
1164 1984 1366 2060 appetuntet
1380 1977 1567 2040 nituntur.O
1582 1995 1677 2060 quam

129 2071 339 2138 documentis.
356 2071 462 2135 Primo
479 2068 720 2133 commendatur
735 2068 827 2132 nohis
841 2069 875 2132 iu
932 2074 1024 2156 longe
1053 2082 1128 2137 sunt
1156 2075 1209 2138 isti
1237 2093 1256 2137 a
1284 2075 1400 2138 Christi
1426 2075 1615 2150 imitatione,
1640 2075 1680 2138 ab

128 2190 165 2236 eo
188 2189 316 2234 summa
340 2168 454 2232 caritas
478 2185 515 2232 ae
539 2167 640 2251 pietas
665 2167 790 2232 Christi.
816 2167 875 2241 Qui
932 2171 1124 2252 evangelica
1144 2171 1222 2254 legis
1236 2172 1469 2248 observatione,
1487 2180 1520 2237 et
1535 2192 1592 2256 per
1607 2191 1680 2238 con-

128 2289 228 2353 quum
244 2267 533 2352 appropinquasset
547 2265 668 2329 civitati
683 2265 717 2328 iu
731 2284 795 2348 qua
809 2283 876 2328 sce·
932 2287 1069 2350 sequeus
1096 2289 1116 2331 a
1144 2269 1263 2334 salutet
1291 2271 1400 2352 Cogita
1428 2289 1555 2353 semper
1583 2290 1680 2354 quam

129 2366 323 2440 leratissimi,
355 2363 569 2428 crudelissimi
601 2383 638 2427 ae
669 2363 875 2446 ingratissimi
931 2367 1106 2430 enormiter
1117 2387 1154 2431 ac
1174 2367 1359 2452 frequenter
1378 2368 1619 2433 inhonoraveris
1637 2378 1681 2433 at-

129 2467 233 2530 hestes
258 2464 308 2528 sui
335 2463 476 2537 fuerunt,
501 2462 661 2546 aquibus
686 2461 877 2544 paulopost
931 2485 994 2550 que
1025 2465 1200 2530 offenderis
1235 2467 1406 2530 Dominum
1441 2469 1543 2531 Deum
1575 2475 1678 2542 tuum,

128 2566 229 2628 fuerat
245 2571 346 2627 morte
361 2561 568 2626 acerbissima
582 2568 676 2643 atque
691 2559 877 2643 turpissima
932 2567 1033 2629 Deum
1049 2565 1234 2648 maJestatis
1251 2565 1415 2647 dignitatis
1435 2574 1467 2629 et
1485 2565 1594 2647 gloriae
1610 2566 1681 2629 iufi-

128 2663 332 2736 oecideudus,
348 2679 412 2724 nou
432 2659 516 2730 odie,
534 2659 761 2740 indignatione,
778 2659 877 2741 impa·
931 2664 1023 2742 nitae3
1042 2665 1195 2746 itemque,
1206 2682 1302 2745 quam
1319 2664 1476 2746 patienter
1491 2671 1523 2726 et
1539 2664 1680 2746 longani-

130 2762 239 2825 tieutia
270 2767 325 2823 aut
358 2758 523 2822 iracundia
555 2765 659 2821 motus
691 2766 739 2820 est
767 2759 1026 2825 contraBmiter
1040 2768 1071 2823 te
1089 2760 1271 2824 toleraverit
1285 2779 1321 2822 ae
1337 2759 1460 2834 toleret,
1478 2779 1575 2842 quam
1595 2781 1679 2843 saepe

129 2880 209 2935 eam,
225 2860 288 2924 hoe
309 2866 358 2922 est
381 2865 492 2921 eontra
513 2855 660 2940 prefatos
680 2855 876 2919 adversarios
932 2859 1108 2932 indulserit,
1116 2867 1147 2921 et
1160 2876 1252 2940 quarn
1266 2865 1394 2941 paratus
1407 2858 1449 2920 sit
1460 2877 1586 2941 semper
1598 2858 1682 2940 igno

129 2977 213 3034 sues,
230 2959 287 3022 sed
308 2977 347 3020 ex
372 2954 530 3019 ineffabili
552 2955 682 3018 caritate
706 2963 736 3017 et
760 2955 876 3036 pietate
932 2977 1019 3021 scere
1032 2974 1039 3018 :
1052 2957 1162 3040 sicque
1178 2956 1313 3038 iujurias
1327 2955 1386 3018 tibi
1403 2955 1505 3019 illatas
1522 2957 1681 3039 patienter

129 3056 293 3122 condoluit
312 3055 359 3120 eis
381 3063 445 3117 tam
468 3054 684 3127 vehementer,
702 3054 785 3134 quod
808 3069 877 3134 pro·
931 3076 967 3119 ae
983 3055 1104 3119 militer
1118 3054 1371 3129 sustinebis,nec
1387 3054 1542 3118 ultionem
1559 3074 1681 3137 quaeres

130 3156 216 3238 rupit
240 3157 273 3218 in
300 3153 446 3217 lacrimas
469 3169 476 3214 :
498 3171 557 3214 nec
581 3151 715 3214 dubium
741 3151 819 3233 quin
844 3151 876 3212 in
932 3176 970 3219 ex
997 3155 1043 3217 ira
1063 3153 1114 3217 vel
1136 3153 1220 3228 odio,
1237 3153 1293 3218 sed
1315 3153 1341 3216 si
1364 3153 1563 3216 rationabilis
1588 3173 1682 3216 causa

129 3255 277 3317 lacrimas
292 3252 448 3335 copiosas,
460 3249 681 3323 calidissimas,
693 3249 878 3331 praecordia·
932 3251 1122 3336 expostulat,
1146 3270 1185 3315 ex
1207 3252 1336 3314 caritate
1357 3259 1389 3314 et
1409 3250 1477 3314 zelo
1496 3251 1638 3334 justitiae.

129 3353 277 3416 lissimas.
294 3349 460 3432 Siquidem
485 3367 550 3431 quo
571 3347 673 3428 major
693 3347 754 3410 fuit
777 3347 877 3430 ipsius
972 3352 1135 3424 Praetcrea,
1156 3349 1240 3413 sicut
1263 3350 1330 3431 jam
1352 3357 1472 3412 tactum
1493 3357 1551 3424 est,
1568 3349 1681 3413 caritas

129 3452 243 3514 caritas
257 3467 294 3511 ac
310 3449 412 3531 pietas
427 3467 483 3510 seu
499 3447 729 3520 misericordia,
745 3463 784 3508 eo
799 3465 877 3528 prae-
933 3450 1042 3530 exigit,
1058 3457 1091 3511 et
1112 3449 1195 3511 Deus
1218 3448 1379 3531 praecipue
1401 3447 1461 3511 hoe
1484 3447 1629 3530 requirit,
1647 3456 1683 3511 ut

129 3549 299 3613 cordialior
323 3545 386 3609 fuit
407 3546 478 3628 ejus
509 3546 699 3627 compassio,
726 3553 757 3607 et
780 3544 879 3607 abun·
933 3547 1088 3630 proximis
1118 3547 1150 3609 iu
1176 3545 1382 3609 tribulatione
1411 3554 1443 3609 et
1466 3547 1622 3628 angustia,
1649 3546 1681 3609 in

129 3647 255 3711 dantior
276 3645 419 3729 ploratio.
436 3645 552 3727 Sisque
572 3643 712 3708 Christus
734 3643 879 3725 implevit
934 3645 1122 3708 necessitate
1144 3651 1176 3706 et
1199 3642 1333 3725 penuria
1354 3643 1547 3718 constitutis,
1563 3643 1683 3706 cordia-

129 3746 215 3830 quod
231 3745 339 3810 docuit
353 3763 389 3808 ac
406 3743 567 3826 praecepit,
584 3742 720 3805 dicendo
732 3759 738 3804 :
752 3742 879 3824 Diligite
935 3744 1007 3806 liter
1029 3743 1270 3824 compatiamur.
1289 3741 1418 3823 Propter
1440 3741 1525 3823 quod
1549 3741 1593 3803 ait
1614 3741 1683 3804 llie·

7 3861 26 3879 ’·
130 3844 279 3907 inimicos
302 3850 436 3914 vestros,
452 3840 630 3904 benefacite
654 3840 704 3902 his
728 3841 783 3922 qui
808 3841 879 3902 ede·
935 3860 1086 3924 ronymus
1104 3841 1202 3903 :Vult
1222 3841 1305 3902 Deus
1325 3858 1589 3922 unumquemque
1608 3839 1684 3902 alte-

129 3951 206 4006 runt
230 3959 297 4016 vos,
313 3949 346 4004 et
369 3947 455 4003 orate
479 3956 537 4021 pre
558 3938 824 4022 persequentibus
848 3945 879 4000 et
894 3939 916 4004 C
935 3941 1001 4004 rius
1016 3938 1176 4021 augustias
1192 3938 1310 4001 sentire
1327 3945 1361 4001 ut
1378 3937 1538 4020 proprias3
1554 3945 1586 4000 et
1601 3939 1684 4000 sieut

129 4038 404 4104 calumniantibus
431 4055 497 4100 vos.
935 4040 1008 4115 sibi,
1025 4038 1052 4102 si
1076 4039 1108 4101 in
1131 4037 1187 4100 tali
1211 4036 1419 4101 tribulatione
1441 4043 1535 4111 esset,
1551 4045 1684 4118 cuperet

168 4139 237 4203 lloe
251 4155 327 4220 ergo
341 4136 457 4202 Christi
473 4136 621 4219 exemplo
635 4137 798 4210 docemur,
815 4153 879 4198 neu
934 4138 1111 4212 subveniri,
1137 4137 1184 4200 sie
1214 4137 1282 4220 ipse
1310 4136 1401 4200 alteri
1428 4143 1558 4218 propter
1580 4136 1681 4198 Deum

128 4239 236 4302 solum
260 4235 384 4308 amieis,
402 4235 457 4298 sed
482 4235 577 4298 etiam
601 4234 740 4298 inimicis
763 4233 879 4297 nestris
935 4239 1060 4301 studeat
1079 4236 1257 4318 suflragari.
1275 4237 1340 4297 lmo
1365 4234 1421 4316 qui
1446 4233 1589 4316 perituro
1613 4253 1682 4296 suc-

128 4336 295 4400 caritative
320 4341 351 4396 et
373 4333 426 4416 pie
450 4333 629 4407 condolere,
645 4332 827 4408 subvenire,
848 4341 879 4396 et
935 4355 1064 4402 currere
1087 4341 1199 4416 potest,
1220 4333 1246 4394 si
1269 4351 1332 4395 non
1354 4332 1523 4406 succurrit,
1544 4332 1679 4411 eccidit3

128 4455 188 4519 pre
209 4453 321 4498 eorum
341 4433 535 4496 relevamine
554 4452 590 4495 ae
612 4432 713 4495 salute
733 4433 879 4496 lacrimas
936 4437 1016 4501 nihil
1031 4441 1136 4496 autem
1154 4431 1200 4494 sic
1217 4430 1329 4512 probat
1342 4432 1494 4506 amioum,
1511 4432 1594 4494 sieut
1608 4450 1681 4496 one·

127 4534 268 4598 fundere
285 4550 291 4595 :
309 4533 375 4594 inre
395 4532 472 4594 durn
488 4529 680 4593 forefaciunt
695 4531 798 4606 nohis,
816 4551 879 4594 ma·
937 4537 979 4598 ris
1004 4532 1099 4597 amici
1125 4530 1269 4614 portatio.
1296 4530 1417 4594 ldciree
1440 4532 1584 4594 hortatur
1607 4533 1680 4594 Am-

127 4633 178 4715 gis
193 4632 302 4695 dolere
317 4629 472 4694 debemus
487 4631 526 4692 de
541 4647 653 4692 eorum
673 4629 767 4713 eulpa
783 4650 879 4712 quam
936 4632 1061 4696 bresius
1088 4648 1095 4692 :
1123 4627 1332 4693 Necessitates
1361 4629 1497 4693 aliorum
1526 4637 1681 4712 quantum

127 4732 168 4795 de
204 4729 325 4811 injuria
358 4729 498 4812 propria,
532 4729 571 4792 de
605 4746 715 4792 eorum
751 4738 881 4812 peceato
937 4749 1106 4814 possumus
1127 4729 1327 4810 adjuvemus,
1345 4727 1410 4790 ime
1428 4727 1589 4791 interdum
1609 4728 1682 4810 plus

127 4829 293 4913 quamde
318 4826 486 4910 temporali
510 4827 641 4910 proprio
663 4828 789 4900 damno,
806 4828 882 4910 quia
937 4847 1031 4912 quam
1061 4845 1231 4911 pessumus
1258 4825 1370 4908 juvare
1399 4833 1571 4908 optemus;
1600 4826 1682 4888 nihil

127 4945 245 4992 corum
258 4927 381 4990 animas
396 4926 497 5006 magis
510 4945 617 4988 amare
632 4933 776 4990 tenemur
789 4946 882 5010 quam
937 4935 1001 4989 tam
1020 4927 1197 4988 secundum
1217 4931 1375 4998 naturam,
1393 4943 1488 5006 quarn
1501 4925 1614 5005 juvare
1630 4943 1682 4987 na-

128 5027 290 5090 exteriora
313 5043 350 5086 ac
381 5023 567 5106 temporalia
597 5023 690 5098 bena,
716 5025 781 5087 irne
811 5025 882 5108 plus
938 5035 1016 5089 turae
1041 5032 1228 5088 consortem.
1251 5024 1324 5096 Sed,
1345 5023 1423 5104 proh
1449 5023 1562 5086 dolori
1590 5021 1682 5084 multi

128 5144 233 5208 quam
255 5123 385 5206 propria
405 5140 538 5205 corpora
557 5129 589 5186 et
610 5123 766 5187 humanos
785 5125 882 5188 hono·
898 5127 923 5189 D
939 5131 1013 5187 sunt
1035 5123 1091 5205 qui
1121 5122 1259 5204 amplius
1289 5121 1460 5184 condolent
1488 5128 1519 5182 et
1546 5120 1628 5184 flent
1656 5120 1683 5182 si

129 5223 417 5286 res.verumumen
432 5222 472 5285 ab
487 5222 546 5284 hac
558 5221 697 5285 caritatis
712 5231 743 5285 et
758 5223 883 5306 pietatis
940 5221 1077 5305 proximi
1108 5221 1140 5284 in
1169 5237 1299 5302 corpore
1329 5219 1546 5292 vulnerentur,
1571 5226 1625 5280 aut
1651 5217 1682 5280 in

128 5320 317 5386 sinceritate
341 5327 373 5384 et
396 5319 575 5402 integritate
599 5319 732 5404 plurimi
753 5321 882 5386 nomine
938 5319 1169 5405 temporalibus
1193 5319 1308 5382 damna
1335 5316 1488 5381 notabilia
1511 5315 1682 5398 patiantur,
