<?xml version="1.0" encoding="UTF-8"?>
<!DOCTYPE html PUBLIC "-//W3C//DTD XHTML 1.0 Transitional//EN"
    "http://www.w3.org/TR/xhtml1/DTD/xhtml1-transitional.dtd">
<html xmlns="http://www.w3.org/1999/xhtml" xml:lang="en" lang="en">
 <head>
  <title>
</title>
<meta http-equiv="Content-Type" content="text/html;charset=utf-8" />
  <meta name='ocr-system' content='tesseract 3.04.00' />
  <meta name='ocr-capabilities' content='ocr_page ocr_carea ocr_par ocr_line ocrx_word'/>
</head>
<body>
  <div class='ocr_page' id='page_1' title='image "./doctorisecstati01unkngoog/doctorisecstati01unkngoog_0087.png"; bbox 0 0 4288 6264; ppageno 0'>
   <div class='ocr_carea' id='block_1_1' title="bbox 448 431 1620 500">
    <p class='ocr_par' dir='ltr' id='par_1_1' title="bbox 448 431 1620 500">
     <span class='ocr_line' id='line_1_1' title="bbox 448 431 1620 500; baseline 0.003 -4"><span class='ocrx_word' id='word_1_1' title='bbox 448 431 487 497; x_wconf 82' lang='lat'><strong>72</strong></span> <span class='ocrx_word' id='word_1_2' title='bbox 828 451 860 499; x_wconf 81' lang='lat' dir='ltr'><strong>nr</strong></span> <span class='ocrx_word' id='word_1_3' title='bbox 881 449 933 498; x_wconf 88' lang='lat' dir='ltr'><strong>nrn</strong></span> <span class='ocrx_word' id='word_1_4' title='bbox 955 449 1070 498; x_wconf 80' lang='lat' dir='ltr'><strong>smero</strong></span> <span class='ocrx_word' id='word_1_5' title='bbox 1091 448 1308 497; x_wconf 84' lang='lat' dir='ltr'><strong>rnmncosrns.</strong></span> <span class='ocrx_word' id='word_1_6' title='bbox 1329 468 1370 480; x_wconf 93' lang='lat'><em>-</em></span> <span class='ocrx_word' id='word_1_7' title='bbox 1390 449 1489 498; x_wconf 82' lang='lat' dir='ltr'><strong>sanxo</strong></span> <span class='ocrx_word' id='word_1_8' title='bbox 1509 451 1620 500; x_wconf 81' lang='lat' dir='ltr'><strong>narnus</strong></span> 
     </span>
    </p>
   </div>
   <div class='ocr_carea' id='block_1_2' title="bbox 448 621 1996 906">
    <p class='ocr_par' dir='ltr' id='par_1_2' title="bbox 448 621 1996 906">
     <span class='ocr_line' id='line_1_2' title="bbox 448 621 1996 705; baseline -0.001 -21"><span class='ocrx_word' id='word_1_9' title='bbox 448 621 555 705; x_wconf 82' lang='lat' dir='ltr'><strong>itaque</strong></span> <span class='ocrx_word' id='word_1_10' title='bbox 578 624 722 690; x_wconf 87' lang='lat' dir='ltr'><strong>Christus</strong></span> <span class='ocrx_word' id='word_1_11' title='bbox 744 626 842 689; x_wconf 78' lang='lat' dir='ltr'><strong>filius</strong></span> <span class='ocrx_word' id='word_1_12' title='bbox 862 624 918 688; x_wconf 82' lang='lat' dir='ltr'><strong>llei</strong></span> <span class='ocrx_word' id='word_1_13' title='bbox 943 624 1003 687; x_wconf 92' lang='lat' dir='ltr'><strong>hoc</strong></span> <span class='ocrx_word' id='word_1_14' title='bbox 1027 622 1079 686; x_wconf 89' lang='lat' dir='ltr'><strong>dic</strong></span> <span class='ocrx_word' id='word_1_15' title='bbox 1099 622 1198 686; x_wconf 90' lang='lat' dir='ltr'><strong>adim·</strong></span> <span class='ocrx_word' id='word_1_16' title='bbox 1213 623 1238 686; x_wconf 99' lang='lat' dir='ltr'><strong>A</strong></span> <span class='ocrx_word' id='word_1_17' title='bbox 1252 623 1291 685; x_wconf 91' lang='lat' dir='ltr'><strong>ad</strong></span> <span class='ocrx_word' id='word_1_18' title='bbox 1304 623 1578 704; x_wconf 80' lang='lat' dir='ltr'>interrogationem</span> <span class='ocrx_word' id='word_1_19' title='bbox 1593 624 1717 688; x_wconf 74' lang='lat' dir='ltr'><strong>ancillae</strong></span> <span class='ocrx_word' id='word_1_20' title='bbox 1732 629 1902 705; x_wconf 77' lang='lat' dir='ltr'><strong>negaverat</strong></span> <span class='ocrx_word' id='word_1_21' title='bbox 1916 621 1996 686; x_wconf 92' lang='lat' dir='ltr'><strong>Chri-</strong></span> 
     </span>
     <span class='ocr_line' id='line_1_3' title="bbox 448 721 1994 806; baseline 0 -24"><span class='ocrx_word' id='word_1_22' title='bbox 448 721 558 803; x_wconf 88' lang='lat' dir='ltr'><strong>plevit.</strong></span> <span class='ocrx_word' id='word_1_23' title='bbox 576 723 655 787; x_wconf 89' lang='lat' dir='ltr'><strong>Nam</strong></span> <span class='ocrx_word' id='word_1_24' title='bbox 676 745 779 800; x_wconf 87' lang='lat' dir='ltr'><strong>mane,</strong></span> <span class='ocrx_word' id='word_1_25' title='bbox 797 732 905 806; x_wconf 90' lang='lat' dir='ltr'><strong>utpote</strong></span> <span class='ocrx_word' id='word_1_26' title='bbox 926 723 1018 785; x_wconf 90' lang='lat' dir='ltr'><strong>tertia</strong></span> <span class='ocrx_word' id='word_1_27' title='bbox 1037 722 1115 785; x_wconf 92' lang='lat' dir='ltr'><strong>hora</strong></span> <span class='ocrx_word' id='word_1_28' title='bbox 1135 721 1198 783; x_wconf 92' lang='lat' dir='ltr'><strong>diei</strong></span> <span class='ocrx_word' id='word_1_29' title='bbox 1252 728 1349 796; x_wconf 91' lang='lat' dir='ltr'><strong>stum,</strong></span> <span class='ocrx_word' id='word_1_30' title='bbox 1373 723 1438 804; x_wconf 91' lang='lat' dir='ltr'><strong>jam</strong></span> <span class='ocrx_word' id='word_1_31' title='bbox 1469 743 1533 805; x_wconf 73' lang='lat' dir='ltr'><strong>praa</strong></span> <span class='ocrx_word' id='word_1_32' title='bbox 1561 723 1675 786; x_wconf 86' lang='lat' dir='ltr'><strong>ceteris</strong></span> <span class='ocrx_word' id='word_1_33' title='bbox 1705 721 1866 785; x_wconf 89' lang='lat' dir='ltr'><strong>universis</strong></span> <span class='ocrx_word' id='word_1_34' title='bbox 1894 738 1994 783; x_wconf 88' lang='lat' dir='ltr'><strong>coram</strong></span> 
     </span>
     <span class='ocr_line' id='line_1_4' title="bbox 448 819 1996 906; baseline -0.002 -24"><span class='ocrx_word' id='word_1_35' title='bbox 448 820 502 902; x_wconf 91' lang='lat' dir='ltr'><strong>(eo</strong></span> <span class='ocrx_word' id='word_1_36' title='bbox 517 823 611 886; x_wconf 92' lang='lat' dir='ltr'><strong>modo</strong></span> <span class='ocrx_word' id='word_1_37' title='bbox 626 824 831 906; x_wconf 90' lang='lat' dir='ltr'><strong>computandi</strong></span> <span class='ocrx_word' id='word_1_38' title='bbox 848 839 911 904; x_wconf 90' lang='lat' dir='ltr'><strong>quo</strong></span> <span class='ocrx_word' id='word_1_39' title='bbox 923 821 1066 884; x_wconf 88' lang='lat' dir='ltr'><strong>Christus</strong></span> <span class='ocrx_word' id='word_1_40' title='bbox 1082 820 1199 881; x_wconf 89' lang='lat' dir='ltr'><strong>dicitur</strong></span> <span class='ocrx_word' id='word_1_41' title='bbox 1253 821 1403 883; x_wconf 91' lang='lat' dir='ltr'><strong>universo</strong></span> <span class='ocrx_word' id='word_1_42' title='bbox 1421 821 1540 903; x_wconf 92' lang='lat' dir='ltr'><strong>populo</strong></span> <span class='ocrx_word' id='word_1_43' title='bbox 1561 820 1746 903; x_wconf 86' lang='lat' dir='ltr'><strong>praedicavit</strong></span> <span class='ocrx_word' id='word_1_44' title='bbox 1764 819 1926 893; x_wconf 88' lang='lat' dir='ltr'><strong>eumdem,</strong></span> <span class='ocrx_word' id='word_1_45' title='bbox 1943 837 1996 880; x_wconf 88' lang='lat' dir='ltr'><strong>nec</strong></span> 
     </span>
    </p>
   </div>
   <div class='ocr_carea' id='block_1_3' title="bbox 331 919 1996 1103">
    <p class='ocr_par' dir='ltr' id='par_1_3' title="bbox 331 919 1996 1103">
     <span class='ocr_line' id='line_1_5' title="bbox 344 919 1996 1004; baseline -0.001 -24"><span class='ocrx_word' id='word_1_46' title='bbox 344 951 359 980; x_wconf 82' lang='grc' dir='ltr'><strong>«ι</strong></span> <span class='ocrx_word' id='word_1_47' title='bbox 386 969 391 980; x_wconf 97' lang='grc'>.</span> <span class='ocrx_word' id='word_1_48' title='bbox 413 951 435 989; x_wconf 83' lang='grc' dir='ltr'><strong>ι,</strong></span> <span class='ocrx_word' id='word_1_49' title='bbox 450 920 527 982; x_wconf 88' lang='lat' dir='ltr'><strong>hora</strong></span> <span class='ocrx_word' id='word_1_50' title='bbox 541 921 634 984; x_wconf 89' lang='lat' dir='ltr'><strong>tertia</strong></span> <span class='ocrx_word' id='word_1_51' title='bbox 648 922 776 984; x_wconf 85' lang='lat' dir='ltr'><strong>aPilato</strong></span> <span class='ocrx_word' id='word_1_52' title='bbox 789 920 922 1004; x_wconf 78' lang='lat' dir='ltr'><strong>praeside</strong></span> <span class='ocrx_word' id='word_1_53' title='bbox 935 919 1115 1000; x_wconf 89' lang='lat' dir='ltr'><strong>judicatus),</strong></span> <span class='ocrx_word' id='word_1_54' title='bbox 1123 919 1199 980; x_wconf 91' lang='lat' dir='ltr'><strong>dum</strong></span> <span class='ocrx_word' id='word_1_55' title='bbox 1253 925 1383 1000; x_wconf 91' lang='lat' dir='ltr'><strong>propter</strong></span> <span class='ocrx_word' id='word_1_56' title='bbox 1397 919 1584 1000; x_wconf 78' lang='lat' dir='ltr'><strong>pontificum</strong></span> <span class='ocrx_word' id='word_1_57' title='bbox 1601 919 1845 1002; x_wconf 87' lang='lat' dir='ltr'><strong>prohibitionem</strong></span> <span class='ocrx_word' id='word_1_58' title='bbox 1862 936 1921 980; x_wconf 88' lang='lat' dir='ltr'><strong>nec</strong></span> <span class='ocrx_word' id='word_1_59' title='bbox 1935 935 1996 999; x_wconf 85' lang='lat' dir='ltr'><strong>pro</strong></span> 
     </span>
     <span class='ocr_line' id='line_1_6' title="bbox 331 1015 1996 1103; baseline -0.004 -21"><span class='ocrx_word' id='word_1_60' title='bbox 331 1030 337 1044; x_wconf 88' lang='lat'>&#39;</span> <span class='ocrx_word' id='word_1_61' title='bbox 450 1017 626 1082; x_wconf 87' lang='lat' dir='ltr'><strong>beatissimi</strong></span> <span class='ocrx_word' id='word_1_62' title='bbox 641 1020 794 1103; x_wconf 91' lang='lat' dir='ltr'><strong>Apostoli,</strong></span> <span class='ocrx_word' id='word_1_63' title='bbox 811 1027 842 1082; x_wconf 90' lang='lat' dir='ltr'><strong>et</strong></span> <span class='ocrx_word' id='word_1_64' title='bbox 862 1019 917 1102; x_wconf 92' lang='lat' dir='ltr'><strong>qui</strong></span> <span class='ocrx_word' id='word_1_65' title='bbox 940 1037 1013 1080; x_wconf 88' lang='lat' dir='ltr'><strong>eum</strong></span> <span class='ocrx_word' id='word_1_66' title='bbox 1031 1017 1077 1080; x_wconf 91' lang='lat' dir='ltr'><strong>eis</strong></span> <span class='ocrx_word' id='word_1_67' title='bbox 1097 1024 1196 1091; x_wconf 89' lang='lat' dir='ltr'><strong>erant,</strong></span> <span class='ocrx_word' id='word_1_68' title='bbox 1253 1024 1323 1098; x_wconf 92' lang='lat' dir='ltr'><strong>pter</strong></span> <span class='ocrx_word' id='word_1_69' title='bbox 1341 1016 1588 1098; x_wconf 78' lang='lat' dir='ltr'><strong>flagellationem</strong></span> <span class='ocrx_word' id='word_1_70' title='bbox 1608 1017 1844 1080; x_wconf 80' lang='lat' dir='ltr'><strong>cessavit&#39;l&#39;am</strong></span> <span class='ocrx_word' id='word_1_71' title='bbox 1867 1015 1996 1078; x_wconf 88' lang='lat' dir='ltr'><strong>miracu-</strong></span> 
     </span>
    </p>
   </div>
   <div class='ocr_carea' id='block_1_4' title="bbox 448 1115 1998 1405">
    <p class='ocr_par' dir='ltr' id='par_1_4' title="bbox 448 1115 1998 1405">
     <span class='ocr_line' id='line_1_7' title="bbox 449 1115 1998 1200; baseline -0.003 -20"><span class='ocrx_word' id='word_1_72' title='bbox 449 1117 646 1181; x_wconf 91' lang='lat' dir='ltr'><strong>orationibus</strong></span> <span class='ocrx_word' id='word_1_73' title='bbox 670 1127 702 1181; x_wconf 91' lang='lat' dir='ltr'><strong>et</strong></span> <span class='ocrx_word' id='word_1_74' title='bbox 724 1116 983 1182; x_wconf 77' lang='lat' dir='ltr'><strong>meditationibus</strong></span> <span class='ocrx_word' id='word_1_75' title='bbox 1007 1116 1125 1178; x_wconf 89' lang='lat' dir='ltr'><strong>sanetis</strong></span> <span class='ocrx_word' id='word_1_76' title='bbox 1146 1116 1199 1178; x_wconf 90' lang='lat' dir='ltr'><strong>de·</strong></span> <span class='ocrx_word' id='word_1_77' title='bbox 1254 1116 1319 1177; x_wconf 89' lang='lat' dir='ltr'><strong>losa</strong></span> <span class='ocrx_word' id='word_1_78' title='bbox 1333 1134 1408 1197; x_wconf 83' lang='lat' dir='ltr'><strong>ergo</strong></span> <span class='ocrx_word' id='word_1_79' title='bbox 1423 1125 1455 1179; x_wconf 93' lang='lat' dir='ltr'><strong>et</strong></span> <span class='ocrx_word' id='word_1_80' title='bbox 1469 1117 1606 1197; x_wconf 82' lang='lat' dir='ltr'><strong>gratiosa</strong></span> <span class='ocrx_word' id='word_1_81' title='bbox 1620 1117 1763 1200; x_wconf 89' lang='lat' dir='ltr'><strong>operatio</strong></span> <span class='ocrx_word' id='word_1_82' title='bbox 1778 1116 1916 1198; x_wconf 83' lang='lat' dir='ltr'><strong>Spiritus</strong></span> <span class='ocrx_word' id='word_1_83' title='bbox 1930 1115 1998 1176; x_wconf 89' lang='lat' dir='ltr'><strong>San</strong></span> 
     </span>
     <span class='ocr_line' id='line_1_8' title="bbox 449 1213 1996 1298; baseline -0.002 -20"><span class='ocrx_word' id='word_1_84' title='bbox 449 1217 613 1280; x_wconf 82' lang='lat' dir='ltr'><strong>votissima</strong></span> <span class='ocrx_word' id='word_1_85' title='bbox 633 1225 723 1280; x_wconf 90' lang='lat' dir='ltr'><strong>erant</strong></span> <span class='ocrx_word' id='word_1_86' title='bbox 740 1217 865 1291; x_wconf 91' lang='lat' dir='ltr'><strong>intenti,</strong></span> <span class='ocrx_word' id='word_1_87' title='bbox 882 1223 1013 1298; x_wconf 89' lang='lat' dir='ltr'><strong>repente</strong></span> <span class='ocrx_word' id='word_1_88' title='bbox 1031 1213 1132 1277; x_wconf 89' lang='lat' dir='ltr'><strong>factus</strong></span> <span class='ocrx_word' id='word_1_89' title='bbox 1151 1222 1198 1277; x_wconf 93' lang='lat' dir='ltr'><strong>est</strong></span> <span class='ocrx_word' id='word_1_90' title='bbox 1253 1213 1374 1285; x_wconf 90' lang='lat' dir='ltr'><strong>cti,fuit</strong></span> <span class='ocrx_word' id='word_1_91' title='bbox 1388 1215 1605 1277; x_wconf 89' lang='lat' dir='ltr'><strong>testimonium</strong></span> <span class='ocrx_word' id='word_1_92' title='bbox 1620 1215 1900 1298; x_wconf 76' lang='lat' dir='ltr'><strong>praeclarissimum</strong></span> <span class='ocrx_word' id='word_1_93' title='bbox 1917 1213 1996 1294; x_wconf 91' lang='lat' dir='ltr'><strong>quod</strong></span> 
     </span>
     <span class='ocr_line' id='line_1_9' title="bbox 448 1310 1945 1405; baseline -0.005 -28"><span class='ocrx_word' id='word_1_94' title='bbox 448 1333 546 1377; x_wconf 88' lang='lat' dir='ltr'><strong>sonus</strong></span> <span class='ocrx_word' id='word_1_95' title='bbox 570 1334 704 1397; x_wconf 82' lang='lat' dir='ltr'><strong>magnus</strong></span> <span class='ocrx_word' id='word_1_96' title='bbox 729 1315 819 1398; x_wconf 88' lang='lat' dir='ltr'><strong>quasi</strong></span> <span class='ocrx_word' id='word_1_97' title='bbox 842 1315 1018 1405; x_wconf 90' lang='lat' dir='ltr'><strong>tonitruum</strong></span> <span class='ocrx_word' id='word_1_98' title='bbox 1042 1313 1126 1375; x_wconf 90' lang='lat' dir='ltr'><strong>circa</strong></span> <span class='ocrx_word' id='word_1_99' title='bbox 1146 1314 1198 1375; x_wconf 88' lang='lat' dir='ltr'><strong>do·</strong></span> <span class='ocrx_word' id='word_1_100' title='bbox 1251 1312 1341 1374; x_wconf 80' lang='lat' dir='ltr'><strong>lesus</strong></span> <span class='ocrx_word' id='word_1_101' title='bbox 1362 1312 1404 1374; x_wconf 90' lang='lat' dir='ltr'><strong>sit</strong></span> <span class='ocrx_word' id='word_1_102' title='bbox 1426 1332 1518 1375; x_wconf 90' lang='lat' dir='ltr'><strong>verus</strong></span> <span class='ocrx_word' id='word_1_103' title='bbox 1542 1313 1685 1376; x_wconf 91' lang='lat' dir='ltr'><strong>Christus</strong></span> <span class='ocrx_word' id='word_1_104' title='bbox 1706 1320 1739 1374; x_wconf 87' lang='lat' dir='ltr'><strong>et</strong></span> <span class='ocrx_word' id='word_1_105' title='bbox 1759 1312 1858 1374; x_wconf 81' lang='lat' dir='ltr'><strong>Filius</strong></span> <span class='ocrx_word' id='word_1_106' title='bbox 1878 1310 1945 1374; x_wconf 83' lang='lat' dir='ltr'><strong>[lei.</strong></span> 
     </span>
    </p>
   </div>
   <div class='ocr_carea' id='block_1_5' title="bbox 337 1401 1997 1495">
    <p class='ocr_par' dir='ltr' id='par_1_5' title="bbox 337 1401 1997 1495">
     <span class='ocr_line' id='line_1_10' title="bbox 337 1401 1997 1495; baseline -0.002 -20"><span class='ocrx_word' id='word_1_107' title='bbox 337 1401 339 1406; x_wconf 40' lang='lat'><strong><em>¹</em></strong></span> <span class='ocrx_word' id='word_1_108' title='bbox 447 1432 538 1475; x_wconf 93' lang='lat' dir='ltr'><strong>mum</strong></span> <span class='ocrx_word' id='word_1_109' title='bbox 553 1413 587 1475; x_wconf 91' lang='lat' dir='ltr'><strong>in</strong></span> <span class='ocrx_word' id='word_1_110' title='bbox 602 1433 666 1495; x_wconf 87' lang='lat' dir='ltr'><strong>qua</strong></span> <span class='ocrx_word' id='word_1_111' title='bbox 681 1414 905 1486; x_wconf 88' lang='lat' dir='ltr'><strong>consederunt,</strong></span> <span class='ocrx_word' id='word_1_112' title='bbox 922 1420 954 1476; x_wconf 90' lang='lat' dir='ltr'><strong>et</strong></span> <span class='ocrx_word' id='word_1_113' title='bbox 969 1411 1133 1474; x_wconf 92' lang='lat' dir='ltr'><strong>descendit</strong></span> <span class='ocrx_word' id='word_1_114' title='bbox 1147 1431 1198 1473; x_wconf 89' lang='lat' dir='ltr'><strong>su·</strong></span> <span class='ocrx_word' id='word_1_115' title='bbox 1294 1410 1450 1485; x_wconf 89' lang='lat' dir='ltr'><strong>Secundo,</strong></span> <span class='ocrx_word' id='word_1_116' title='bbox 1467 1411 1604 1493; x_wconf 82' lang='lat' dir='ltr'><strong>Spiritus</strong></span> <span class='ocrx_word' id='word_1_117' title='bbox 1624 1411 1757 1474; x_wconf 88' lang='lat' dir='ltr'><strong>Sanctus</strong></span> <span class='ocrx_word' id='word_1_118' title='bbox 1778 1409 1942 1492; x_wconf 85' lang='lat' dir='ltr'><strong>perhibuit</strong></span> <span class='ocrx_word' id='word_1_119' title='bbox 1959 1417 1997 1472; x_wconf 90' lang='lat' dir='ltr'><strong>te-</strong></span> 
     </span>
    </p>
   </div>
   <div class='ocr_carea' id='block_1_6' title="bbox 446 1508 1997 1692">
    <p class='ocr_par' dir='ltr' id='par_1_6' title="bbox 446 1508 1997 1692">
     <span class='ocr_line' id='line_1_11' title="bbox 446 1508 1995 1593; baseline -0.002 -20"><span class='ocrx_word' id='word_1_120' title='bbox 446 1529 505 1593; x_wconf 90' lang='lat' dir='ltr'><strong>per</strong></span> <span class='ocrx_word' id='word_1_121' title='bbox 519 1529 572 1574; x_wconf 86' lang='lat' dir='ltr'><strong>eos</strong></span> <span class='ocrx_word' id='word_1_122' title='bbox 586 1510 722 1593; x_wconf 87' lang='lat' dir='ltr'><strong>Spiritus</strong></span> <span class='ocrx_word' id='word_1_123' title='bbox 738 1509 1089 1592; x_wconf 78' lang='lat' dir='ltr'><strong>Sanctusimplevitque</strong></span> <span class='ocrx_word' id='word_1_124' title='bbox 1104 1509 1198 1571; x_wconf 89' lang='lat' dir='ltr'><strong>corda</strong></span> <span class='ocrx_word' id='word_1_125' title='bbox 1253 1508 1439 1570; x_wconf 90' lang='lat' dir='ltr'><strong>stimonium</strong></span> <span class='ocrx_word' id='word_1_126' title='bbox 1456 1509 1529 1570; x_wconf 85' lang='lat' dir='ltr'><strong>lesu</strong></span> <span class='ocrx_word' id='word_1_127' title='bbox 1550 1509 1685 1583; x_wconf 83' lang='lat' dir='ltr'><strong>Christe,</strong></span> <span class='ocrx_word' id='word_1_128' title='bbox 1702 1529 1760 1590; x_wconf 91' lang='lat' dir='ltr'><strong>per</strong></span> <span class='ocrx_word' id='word_1_129' title='bbox 1777 1508 1995 1591; x_wconf 78' lang='lat' dir='ltr'><strong>Apostolorum</strong></span> 
     </span>
     <span class='ocr_line' id='line_1_12' title="bbox 448 1607 1997 1692; baseline -0.002 -21"><span class='ocrx_word' id='word_1_130' title='bbox 448 1627 558 1672; x_wconf 90' lang='lat' dir='ltr'><strong>eorum</strong></span> <span class='ocrx_word' id='word_1_131' title='bbox 582 1609 755 1692; x_wconf 86' lang='lat' dir='ltr'><strong>multiplici</strong></span> <span class='ocrx_word' id='word_1_132' title='bbox 776 1609 885 1690; x_wconf 85' lang='lat' dir='ltr'><strong>gratia,</strong></span> <span class='ocrx_word' id='word_1_133' title='bbox 908 1609 1052 1670; x_wconf 94' lang='lat' dir='ltr'><strong>omnium</strong></span> <span class='ocrx_word' id='word_1_134' title='bbox 1076 1607 1197 1687; x_wconf 79' lang='lat' dir='ltr'><strong>lingua·</strong></span> <span class='ocrx_word' id='word_1_135' title='bbox 1252 1613 1394 1669; x_wconf 86' lang='lat' dir='ltr'><strong>oratam</strong></span> <span class='ocrx_word' id='word_1_136' title='bbox 1420 1607 1609 1671; x_wconf 82' lang='lat' dir='ltr'><strong>miraculose</strong></span> <span class='ocrx_word' id='word_1_137' title='bbox 1635 1608 1804 1689; x_wconf 88' lang='lat' dir='ltr'><strong>loquendo,</strong></span> <span class='ocrx_word' id='word_1_138' title='bbox 1827 1607 1912 1689; x_wconf 88' lang='lat' dir='ltr'><strong>quod</strong></span> <span class='ocrx_word' id='word_1_139' title='bbox 1938 1623 1997 1668; x_wconf 92' lang='lat' dir='ltr'><strong>uno</strong></span> 
     </span>
    </p>
   </div>
   <div class='ocr_carea' id='block_1_7' title="bbox 446 569 2097 2277">
    <p class='ocr_par' dir='ltr' id='par_1_7' title="bbox 446 569 2097 2304">
     <span class='ocr_line' id='line_1_13' title="bbox 2096 569 2097 642; baseline 0 0"><span class='ocrx_word' id='word_1_140' title='bbox 2096 569 2097 642; x_wconf 86' lang='lat' dir='ltr'><strong>l</strong></span> 
     </span>
     <span class='ocr_line' id='line_1_14' title="bbox 2096 643 2097 696; baseline 0 0"><span class='ocrx_word' id='word_1_141' title='bbox 2096 643 2097 696; x_wconf 93' lang='lat' dir='ltr'><strong>l</strong></span> 
     </span>
     <span class='ocr_line' id='line_1_15' title="bbox 2096 699 2097 734; baseline 0 0"><span class='ocrx_word' id='word_1_142' title='bbox 2096 699 2097 734; x_wconf 94' lang='lat' dir='ltr'><strong>l</strong></span> 
     </span>
     <span class='ocr_line' id='line_1_16' title="bbox 2096 869 2097 970; baseline 0 0"><span class='ocrx_word' id='word_1_143' title='bbox 2096 869 2097 970; x_wconf 79' lang='lat' dir='ltr'><strong>l</strong></span> 
     </span>
     <span class='ocr_line' id='line_1_17' title="bbox 2096 1315 2097 1368; baseline 0 -8"><span class='ocrx_word' id='word_1_144' title='bbox 2096 1315 2097 1368; x_wconf 78' lang='lat' dir='ltr'><strong>l</strong></span> 
     </span>
     <span class='ocr_line' id='line_1_18' title="bbox 2096 1423 2097 1482; baseline 0 -26"><span class='ocrx_word' id='word_1_145' title='bbox 2096 1423 2097 1482; x_wconf 86' lang='lat' dir='ltr'><strong>l</strong></span> 
     </span>
     <span class='ocr_line' id='line_1_19' title="bbox 2096 1491 2097 1554; baseline 0 0"><span class='ocrx_word' id='word_1_146' title='bbox 2096 1491 2097 1554; x_wconf 86' lang='lat' dir='ltr'><strong>l</strong></span> 
     </span>
     <span class='ocr_line' id='line_1_20' title="bbox 447 1704 1996 1788; baseline -0.002 -19"><span class='ocrx_word' id='word_1_147' title='bbox 447 1727 518 1769; x_wconf 91' lang='lat' dir='ltr'><strong>rum</strong></span> <span class='ocrx_word' id='word_1_148' title='bbox 534 1707 645 1770; x_wconf 91' lang='lat' dir='ltr'><strong>notitia</strong></span> <span class='ocrx_word' id='word_1_149' title='bbox 657 1707 797 1770; x_wconf 90' lang='lat' dir='ltr'><strong>ettotius</strong></span> <span class='ocrx_word' id='word_1_150' title='bbox 812 1725 908 1770; x_wconf 76' lang='lat' dir='ltr'><strong>sacra</strong></span> <span class='ocrx_word' id='word_1_151' title='bbox 920 1707 1090 1788; x_wconf 78' lang='lat' dir='ltr'><strong>Scriptura</strong></span> <span class='ocrx_word' id='word_1_152' title='bbox 1106 1706 1197 1767; x_wconf 91' lang='lat' dir='ltr'><strong>intel·</strong></span> <span class='ocrx_word' id='word_1_153' title='bbox 1251 1704 1401 1786; x_wconf 87' lang='lat' dir='ltr'><strong>Apostolo</strong></span> <span class='ocrx_word' id='word_1_154' title='bbox 1420 1724 1519 1766; x_wconf 92' lang='lat' dir='ltr'><strong>unum</strong></span> <span class='ocrx_word' id='word_1_155' title='bbox 1543 1705 1662 1768; x_wconf 83' lang='lat' dir='ltr'><strong>idioma</strong></span> <span class='ocrx_word' id='word_1_156' title='bbox 1680 1705 1841 1788; x_wconf 90' lang='lat' dir='ltr'><strong>loquente,</strong></span> <span class='ocrx_word' id='word_1_157' title='bbox 1859 1705 1996 1766; x_wconf 86' lang='lat' dir='ltr'><strong>universi</strong></span> 
     </span>
     <span class='ocr_line' id='line_1_21' title="bbox 448 1798 2097 1887; baseline -0.003 -20"><span class='ocrx_word' id='word_1_158' title='bbox 448 1805 707 1887; x_wconf 83' lang='lat' dir='ltr'><strong>ligentia,sanctae</strong></span> <span class='ocrx_word' id='word_1_159' title='bbox 722 1823 846 1887; x_wconf 90' lang='lat' dir='ltr'><strong>quoque</strong></span> <span class='ocrx_word' id='word_1_160' title='bbox 862 1805 1000 1866; x_wconf 89' lang='lat' dir='ltr'><strong>caritatis</strong></span> <span class='ocrx_word' id='word_1_161' title='bbox 1015 1804 1198 1866; x_wconf 89' lang='lat' dir='ltr'><strong>admirando</strong></span> <span class='ocrx_word' id='word_1_162' title='bbox 1215 1798 1238 1860; x_wconf 90' lang='lat' dir='ltr'><strong>B</strong></span> <span class='ocrx_word' id='word_1_163' title='bbox 1252 1802 1307 1882; x_wconf 87' lang='lat' dir='ltr'><strong>qui</strong></span> <span class='ocrx_word' id='word_1_164' title='bbox 1327 1803 1467 1876; x_wconf 88' lang='lat' dir='ltr'><strong>aderant,</strong></span> <span class='ocrx_word' id='word_1_165' title='bbox 1484 1803 1680 1866; x_wconf 90' lang='lat' dir='ltr'><strong>diversarum</strong></span> <span class='ocrx_word' id='word_1_166' title='bbox 1701 1803 1793 1866; x_wconf 90' lang='lat' dir='ltr'><strong>valde</strong></span> <span class='ocrx_word' id='word_1_167' title='bbox 1812 1802 1997 1865; x_wconf 82' lang='lat' dir='ltr'><strong>exsistentes</strong></span> <span class='ocrx_word' id='word_1_168' title='bbox 2096 1817 2097 1856; x_wconf 82' lang='grc' dir='ltr'><strong>ι</strong></span> 
     </span>
     <span class='ocr_line' id='line_1_22' title="bbox 448 1900 1996 1981; baseline -0.005 -17"><span class='ocrx_word' id='word_1_169' title='bbox 448 1902 586 1977; x_wconf 89' lang='lat' dir='ltr'><strong>fervore,</strong></span> <span class='ocrx_word' id='word_1_170' title='bbox 603 1910 633 1966; x_wconf 89' lang='lat' dir='ltr'><strong>et</strong></span> <span class='ocrx_word' id='word_1_171' title='bbox 648 1903 787 1964; x_wconf 87' lang='lat' dir='ltr'><strong>maxima</strong></span> <span class='ocrx_word' id='word_1_172' title='bbox 805 1902 920 1966; x_wconf 89' lang='lat' dir='ltr'><strong>mentis</strong></span> <span class='ocrx_word' id='word_1_173' title='bbox 936 1901 1196 1965; x_wconf 78' lang='lat' dir='ltr'><strong>constantiazita</strong></span> <span class='ocrx_word' id='word_1_174' title='bbox 1252 1900 1444 1981; x_wconf 81' lang='lat' dir='ltr'><strong>linguarum,</strong></span> <span class='ocrx_word' id='word_1_175' title='bbox 1476 1900 1554 1962; x_wconf 94' lang='lat' dir='ltr'><strong>illud</strong></span> <span class='ocrx_word' id='word_1_176' title='bbox 1584 1901 1821 1974; x_wconf 88' lang='lat' dir='ltr'><strong>intellexerunt,</strong></span> <span class='ocrx_word' id='word_1_177' title='bbox 1848 1909 1880 1962; x_wconf 91' lang='lat' dir='ltr'><strong>et</strong></span> <span class='ocrx_word' id='word_1_178' title='bbox 1908 1900 1996 1981; x_wconf 88' lang='lat' dir='ltr'><strong>quasi</strong></span> 
     </span>
     <span class='ocr_line' id='line_1_23' title="bbox 448 1998 1995 2084; baseline -0.002 -22"><span class='ocrx_word' id='word_1_179' title='bbox 448 2002 531 2083; x_wconf 90' lang='lat' dir='ltr'><strong>quod</strong></span> <span class='ocrx_word' id='word_1_180' title='bbox 547 2001 607 2084; x_wconf 93' lang='lat' dir='ltr'><strong>ipsi</strong></span> <span class='ocrx_word' id='word_1_181' title='bbox 627 2001 711 2063; x_wconf 91' lang='lat' dir='ltr'><strong>beati</strong></span> <span class='ocrx_word' id='word_1_182' title='bbox 726 2001 866 2082; x_wconf 78' lang='lat' dir='ltr'><strong>Apostoli</strong></span> <span class='ocrx_word' id='word_1_183' title='bbox 883 2000 1042 2082; x_wconf 86' lang='lat' dir='ltr'><strong>ceterique</strong></span> <span class='ocrx_word' id='word_1_184' title='bbox 1057 1999 1196 2080; x_wconf 91' lang='lat' dir='ltr'><strong>discipu·</strong></span> <span class='ocrx_word' id='word_1_185' title='bbox 1252 1998 1417 2079; x_wconf 92' lang='lat' dir='ltr'><strong>proprium</strong></span> <span class='ocrx_word' id='word_1_186' title='bbox 1438 1999 1555 2061; x_wconf 87' lang='lat' dir='ltr'><strong>idioma</strong></span> <span class='ocrx_word' id='word_1_187' title='bbox 1575 1999 1751 2081; x_wconf 89' lang='lat' dir='ltr'><strong>unicuique</strong></span> <span class='ocrx_word' id='word_1_188' title='bbox 1771 1999 1880 2061; x_wconf 91' lang='lat' dir='ltr'><strong>sonuit</strong></span> <span class='ocrx_word' id='word_1_189' title='bbox 1894 1998 1995 2060; x_wconf 92' lang='lat' dir='ltr'><strong>illud:</strong></span> 
     </span>
     <span class='ocr_line' id='line_1_24' title="bbox 448 2092 1996 2182; baseline -0.004 -20"><span class='ocrx_word' id='word_1_190' title='bbox 448 2100 479 2174; x_wconf 90' lang='lat' dir='ltr'><strong>li,</strong></span> <span class='ocrx_word' id='word_1_191' title='bbox 497 2100 552 2182; x_wconf 90' lang='lat' dir='ltr'><strong>qui</strong></span> <span class='ocrx_word' id='word_1_192' title='bbox 567 2118 669 2181; x_wconf 88' lang='lat' dir='ltr'><strong>usque</strong></span> <span class='ocrx_word' id='word_1_193' title='bbox 685 2099 722 2160; x_wconf 89' lang='lat' dir='ltr'><strong>ad</strong></span> <span class='ocrx_word' id='word_1_194' title='bbox 741 2105 868 2180; x_wconf 92' lang='lat' dir='ltr'><strong>tempus</strong></span> <span class='ocrx_word' id='word_1_195' title='bbox 889 2098 967 2159; x_wconf 95' lang='lat' dir='ltr'><strong>illud</strong></span> <span class='ocrx_word' id='word_1_196' title='bbox 982 2097 1197 2160; x_wconf 83' lang='lat' dir='ltr'><strong>formidabant</strong></span> <span class='ocrx_word' id='word_1_197' title='bbox 1251 2096 1344 2176; x_wconf 90' lang='lat' dir='ltr'><strong>cujus</strong></span> <span class='ocrx_word' id='word_1_198' title='bbox 1359 2096 1535 2159; x_wconf 87' lang='lat' dir='ltr'><strong>similitudo</strong></span> <span class='ocrx_word' id='word_1_199' title='bbox 1551 2097 1713 2179; x_wconf 75' lang='lat' dir='ltr'><strong>precessit</strong></span> <span class='ocrx_word' id='word_1_200' title='bbox 1729 2092 1760 2158; x_wconf 90' lang='lat' dir='ltr'><strong>in</strong></span> <span class='ocrx_word' id='word_1_201' title='bbox 1778 2096 1996 2178; x_wconf 89' lang='lat' dir='ltr'><strong>manna,quod</strong></span> 
     </span>
     <span class='ocr_line' id='line_1_25' title="bbox 446 2193 1996 2277; baseline -0.002 -17"><span class='ocrx_word' id='word_1_202' title='bbox 446 2198 571 2260; x_wconf 76' lang='lat' dir='ltr'><strong>ludaeos</strong></span> <span class='ocrx_word' id='word_1_203' title='bbox 584 2215 643 2260; x_wconf 87' lang='lat' dir='ltr'><strong>nec</strong></span> <span class='ocrx_word' id='word_1_204' title='bbox 658 2195 818 2259; x_wconf 88' lang='lat' dir='ltr'><strong>Christum</strong></span> <span class='ocrx_word' id='word_1_205' title='bbox 835 2195 964 2277; x_wconf 88' lang='lat' dir='ltr'><strong>publice</strong></span> <span class='ocrx_word' id='word_1_206' title='bbox 980 2195 1127 2257; x_wconf 86' lang='lat' dir='ltr'><strong>confiteri</strong></span> <span class='ocrx_word' id='word_1_207' title='bbox 1143 2215 1196 2256; x_wconf 91' lang='lat' dir='ltr'><strong>au·</strong></span> <span class='ocrx_word' id='word_1_208' title='bbox 1251 2193 1348 2255; x_wconf 89' lang='lat' dir='ltr'><strong>licet</strong></span> <span class='ocrx_word' id='word_1_209' title='bbox 1314 2201 1373 2255; x_wconf 93' lang='lat' dir='ltr'><strong>tm</strong></span> <span class='ocrx_word' id='word_1_210' title='bbox 1389 2213 1443 2256; x_wconf 89' lang='lat' dir='ltr'><strong>sua</strong></span> <span class='ocrx_word' id='word_1_211' title='bbox 1458 2200 1569 2256; x_wconf 90' lang='lat' dir='ltr'><strong>natura</strong></span> <span class='ocrx_word' id='word_1_212' title='bbox 1580 2212 1644 2256; x_wconf 90' lang='lat' dir='ltr'><strong>non</strong></span> <span class='ocrx_word' id='word_1_213' title='bbox 1659 2193 1854 2258; x_wconf 89' lang='lat' dir='ltr'><strong>habuerit</strong></span> <span class='ocrx_word' id='word_1_214' title='bbox 1823 2194 1886 2256; x_wconf 86' lang='lat' dir='ltr'><strong>nrsi</strong></span> <span class='ocrx_word' id='word_1_215' title='bbox 1901 2213 1996 2256; x_wconf 91' lang='lat' dir='ltr'><strong>unum</strong></span> 
     </span>
    </p>
   </div>
   <div class='ocr_carea' id='block_1_8' title="bbox 446 2293 2097 5324">
    <p class='ocr_par' dir='ltr' id='par_1_8' title="bbox 446 2293 2097 5324">
     <span class='ocr_line' id='line_1_26' title="bbox 448 2293 2083 2402; baseline -0.003 -44"><span class='ocrx_word' id='word_1_216' title='bbox 448 2294 576 2366; x_wconf 90' lang='lat' dir='ltr'><strong>debant,</strong></span> <span class='ocrx_word' id='word_1_217' title='bbox 597 2293 703 2357; x_wconf 91' lang='lat' dir='ltr'><strong>subito</strong></span> <span class='ocrx_word' id='word_1_218' title='bbox 723 2293 990 2356; x_wconf 88' lang='lat' dir='ltr'><strong>excellentissime</strong></span> <span class='ocrx_word' id='word_1_219' title='bbox 1012 2293 1195 2366; x_wconf 88' lang='lat' dir='ltr'><strong>illuminati,</strong></span> <span class='ocrx_word' id='word_1_220' title='bbox 1251 2309 1407 2374; x_wconf 88' lang='lat' dir='ltr'><strong>saporem,</strong></span> <span class='ocrx_word' id='word_1_221' title='bbox 1425 2299 1529 2354; x_wconf 88' lang='lat' dir='ltr'><strong>tamen</strong></span> <span class='ocrx_word' id='word_1_222' title='bbox 1550 2293 1725 2402; x_wconf 68' lang='lat' dir='ltr'><strong>urricuique</strong></span> <span class='ocrx_word' id='word_1_223' title='bbox 1744 2293 1888 2356; x_wconf 86' lang='lat' dir='ltr'><strong>frlrorum</strong></span> <span class='ocrx_word' id='word_1_224' title='bbox 1903 2293 2082 2356; x_wconf 75' lang='lat' dir='ltr'><strong>lsraels</strong></span> <span class='ocrx_word' id='word_1_225' title='bbox 2023 2327 2083 2367; x_wconf 90' lang='grc' dir='ltr'><strong>ι</strong></span> 
     </span>
     <span class='ocr_line' id='line_1_27' title="bbox 447 2389 1806 2473; baseline 0 -19"><span class='ocrx_word' id='word_1_226' title='bbox 447 2392 670 2454; x_wconf 88' lang='lat' dir='ltr'><strong>ardentissime</strong></span> <span class='ocrx_word' id='word_1_227' title='bbox 686 2392 888 2465; x_wconf 89' lang='lat' dir='ltr'><strong>inflammati,</strong></span> <span class='ocrx_word' id='word_1_228' title='bbox 898 2391 1108 2454; x_wconf 88' lang='lat' dir='ltr'><strong>invictissime</strong></span> <span class='ocrx_word' id='word_1_229' title='bbox 1124 2408 1197 2453; x_wconf 92' lang='lat' dir='ltr'><strong>con·</strong></span> <span class='ocrx_word' id='word_1_230' title='bbox 1252 2389 1340 2452; x_wconf 90' lang='lat' dir='ltr'><strong>fideli</strong></span> <span class='ocrx_word' id='word_1_231' title='bbox 1356 2397 1388 2452; x_wconf 90' lang='lat' dir='ltr'><strong>ct</strong></span> <span class='ocrx_word' id='word_1_232' title='bbox 1403 2391 1486 2453; x_wconf 92' lang='lat' dir='ltr'><strong>bono</strong></span> <span class='ocrx_word' id='word_1_233' title='bbox 1501 2391 1607 2473; x_wconf 86' lang='lat' dir='ltr'><strong>sapuit</strong></span> <span class='ocrx_word' id='word_1_234' title='bbox 1621 2399 1656 2452; x_wconf 94' lang='lat' dir='ltr'><strong>ut</strong></span> <span class='ocrx_word' id='word_1_235' title='bbox 1671 2391 1806 2454; x_wconf 90' lang='lat' dir='ltr'><strong>volebat.</strong></span> 
     </span>
     <span class='ocr_line' id='line_1_28' title="bbox 448 2488 1997 2572; baseline -0.001 -19"><span class='ocrx_word' id='word_1_236' title='bbox 448 2489 568 2564; x_wconf 91' lang='lat' dir='ltr'><strong>fortati,</strong></span> <span class='ocrx_word' id='word_1_237' title='bbox 583 2489 672 2552; x_wconf 89' lang='lat' dir='ltr'><strong>velut</strong></span> <span class='ocrx_word' id='word_1_238' title='bbox 693 2509 825 2552; x_wconf 82' lang='lat' dir='ltr'><strong>examen</strong></span> <span class='ocrx_word' id='word_1_239' title='bbox 845 2509 942 2572; x_wconf 88' lang='lat' dir='ltr'><strong>apum</strong></span> <span class='ocrx_word' id='word_1_240' title='bbox 962 2496 1137 2571; x_wconf 87' lang='lat' dir='ltr'><strong>eruperunt</strong></span> <span class='ocrx_word' id='word_1_241' title='bbox 1158 2490 1197 2550; x_wconf 92' lang='lat' dir='ltr'><strong>de</strong></span> <span class='ocrx_word' id='word_1_242' title='bbox 1292 2488 1407 2562; x_wconf 78' lang='lat' dir='ltr'><strong>Tertio,</strong></span> <span class='ocrx_word' id='word_1_243' title='bbox 1430 2507 1486 2570; x_wconf 90' lang='lat' dir='ltr'><strong>per</strong></span> <span class='ocrx_word' id='word_1_244' title='bbox 1511 2489 1570 2551; x_wconf 89' lang='lat' dir='ltr'><strong>hoc</strong></span> <span class='ocrx_word' id='word_1_245' title='bbox 1592 2490 1675 2570; x_wconf 90' lang='lat' dir='ltr'><strong>quod</strong></span> <span class='ocrx_word' id='word_1_246' title='bbox 1700 2509 1737 2551; x_wconf 88' lang='lat' dir='ltr'><strong>ex</strong></span> <span class='ocrx_word' id='word_1_247' title='bbox 1764 2489 1997 2553; x_wconf 87' lang='lat' dir='ltr'><strong>illuminatione</strong></span> 
     </span>
     <span class='ocr_line' id='line_1_29' title="bbox 450 2586 1997 2668; baseline 0.001 -20"><span class='ocrx_word' id='word_1_248' title='bbox 450 2587 505 2649; x_wconf 94' lang='lat' dir='ltr'><strong>illo</strong></span> <span class='ocrx_word' id='word_1_249' title='bbox 522 2587 554 2649; x_wconf 94' lang='lat' dir='ltr'><strong>in</strong></span> <span class='ocrx_word' id='word_1_250' title='bbox 574 2606 637 2668; x_wconf 89' lang='lat' dir='ltr'><strong>quo</strong></span> <span class='ocrx_word' id='word_1_251' title='bbox 657 2587 810 2650; x_wconf 88' lang='lat' dir='ltr'><strong>sedebant</strong></span> <span class='ocrx_word' id='word_1_252' title='bbox 824 2586 999 2660; x_wconf 87' lang='lat' dir='ltr'><strong>coenaculo,</strong></span> <span class='ocrx_word' id='word_1_253' title='bbox 1017 2595 1048 2648; x_wconf 90' lang='lat' dir='ltr'><strong>et</strong></span> <span class='ocrx_word' id='word_1_254' title='bbox 1064 2586 1196 2666; x_wconf 84' lang='lat' dir='ltr'><strong>ingressi</strong></span> <span class='ocrx_word' id='word_1_255' title='bbox 1253 2586 1334 2666; x_wconf 91' lang='lat' dir='ltr'><strong>ejus,</strong></span> <span class='ocrx_word' id='word_1_256' title='bbox 1359 2587 1500 2668; x_wconf 90' lang='lat' dir='ltr'><strong>Apostoli</strong></span> <span class='ocrx_word' id='word_1_257' title='bbox 1528 2587 1624 2648; x_wconf 89' lang='lat' dir='ltr'><strong>verba</strong></span> <span class='ocrx_word' id='word_1_258' title='bbox 1646 2587 1875 2668; x_wconf 90' lang='lat' dir='ltr'><strong>Prophetarum</strong></span> <span class='ocrx_word' id='word_1_259' title='bbox 1898 2588 1997 2650; x_wconf 87' lang='lat' dir='ltr'><strong>abun-</strong></span> 
     </span>
     <span class='ocr_line' id='line_1_30' title="bbox 448 2683 1999 2768; baseline 0.001 -21"><span class='ocrx_word' id='word_1_260' title='bbox 448 2693 524 2747; x_wconf 91' lang='lat' dir='ltr'><strong>sunt</strong></span> <span class='ocrx_word' id='word_1_261' title='bbox 543 2685 718 2767; x_wconf 81' lang='lat' dir='ltr'><strong>templum3</strong></span> <span class='ocrx_word' id='word_1_262' title='bbox 735 2692 830 2766; x_wconf 88' lang='lat' dir='ltr'><strong>atque</strong></span> <span class='ocrx_word' id='word_1_263' title='bbox 852 2683 983 2756; x_wconf 93' lang='lat' dir='ltr'><strong>ibidem,</strong></span> <span class='ocrx_word' id='word_1_264' title='bbox 1001 2684 1033 2744; x_wconf 93' lang='lat' dir='ltr'><strong>in</strong></span> <span class='ocrx_word' id='word_1_265' title='bbox 1053 2684 1197 2746; x_wconf 92' lang='lat' dir='ltr'><strong>omnium</strong></span> <span class='ocrx_word' id='word_1_266' title='bbox 1252 2684 1440 2746; x_wconf 89' lang='lat' dir='ltr'><strong>dantissime</strong></span> <span class='ocrx_word' id='word_1_267' title='bbox 1464 2685 1678 2765; x_wconf 81' lang='lat' dir='ltr'><strong>allegaverunt</strong></span> <span class='ocrx_word' id='word_1_268' title='bbox 1706 2685 1745 2747; x_wconf 92' lang='lat' dir='ltr'><strong>de</strong></span> <span class='ocrx_word' id='word_1_269' title='bbox 1770 2684 1903 2758; x_wconf 92' lang='lat' dir='ltr'><strong>Christo,</strong></span> <span class='ocrx_word' id='word_1_270' title='bbox 1931 2705 1999 2768; x_wconf 92' lang='lat' dir='ltr'><strong>pro-</strong></span> 
     </span>
     <span class='ocr_line' id='line_1_31' title="bbox 448 2781 1999 2865; baseline 0.001 -21"><span class='ocrx_word' id='word_1_271' title='bbox 448 2783 616 2865; x_wconf 85' lang='lat' dir='ltr'><strong>praesentia</strong></span> <span class='ocrx_word' id='word_1_272' title='bbox 638 2782 830 2857; x_wconf 79' lang='lat' dir='ltr'><strong>ludaeorum,</strong></span> <span class='ocrx_word' id='word_1_273' title='bbox 851 2781 1001 2844; x_wconf 90' lang='lat' dir='ltr'><strong>videlicet</strong></span> <span class='ocrx_word' id='word_1_274' title='bbox 1023 2781 1196 2844; x_wconf 90' lang='lat' dir='ltr'><strong>multorum</strong></span> <span class='ocrx_word' id='word_1_275' title='bbox 1253 2783 1355 2845; x_wconf 88' lang='lat' dir='ltr'><strong>bando</strong></span> <span class='ocrx_word' id='word_1_276' title='bbox 1371 2802 1409 2844; x_wconf 87' lang='lat' dir='ltr'><strong>ex</strong></span> <span class='ocrx_word' id='word_1_277' title='bbox 1426 2782 1489 2844; x_wconf 92' lang='lat' dir='ltr'><strong>illis</strong></span> <span class='ocrx_word' id='word_1_278' title='bbox 1510 2783 1592 2864; x_wconf 85' lang='lat' dir='ltr'><strong>quud</strong></span> <span class='ocrx_word' id='word_1_279' title='bbox 1611 2784 1700 2845; x_wconf 87' lang='lat' dir='ltr'><strong>lesus</strong></span> <span class='ocrx_word' id='word_1_280' title='bbox 1723 2784 1765 2845; x_wconf 87' lang='lat' dir='ltr'><strong>sit</strong></span> <span class='ocrx_word' id='word_1_281' title='bbox 1785 2802 1839 2846; x_wconf 89' lang='lat' dir='ltr'><strong>rex</strong></span> <span class='ocrx_word' id='word_1_282' title='bbox 1861 2785 1999 2856; x_wconf 87' lang='lat' dir='ltr'><strong>Messias,</strong></span> 
     </span>
     <span class='ocr_line' id='line_1_32' title="bbox 449 2879 1999 2964; baseline 0.001 -21"><span class='ocrx_word' id='word_1_283' title='bbox 449 2881 661 2954; x_wconf 89' lang='lat' dir='ltr'><strong>sacerdotum,</strong></span> <span class='ocrx_word' id='word_1_284' title='bbox 689 2879 884 2954; x_wconf 91' lang='lat' dir='ltr'><strong>Scribarum,</strong></span> <span class='ocrx_word' id='word_1_285' title='bbox 910 2879 1138 2942; x_wconf 77' lang='lat' dir='ltr'><strong>Pharisaeorum</strong></span> <span class='ocrx_word' id='word_1_286' title='bbox 1168 2887 1199 2941; x_wconf 90' lang='lat' dir='ltr'><strong>et</strong></span> <span class='ocrx_word' id='word_1_287' title='bbox 1254 2888 1349 2964; x_wconf 90' lang='lat' dir='ltr'><strong>prout</strong></span> <span class='ocrx_word' id='word_1_288' title='bbox 1371 2881 1454 2942; x_wconf 90' lang='lat' dir='ltr'><strong>infra</strong></span> <span class='ocrx_word' id='word_1_289' title='bbox 1478 2881 1510 2942; x_wconf 93' lang='lat' dir='ltr'><strong>in</strong></span> <span class='ocrx_word' id='word_1_290' title='bbox 1537 2881 1669 2963; x_wconf 89' lang='lat' dir='ltr'><strong>speciali</strong></span> <span class='ocrx_word' id='word_1_291' title='bbox 1693 2881 1818 2944; x_wconf 87' lang='lat' dir='ltr'><strong>dicatur</strong></span> <span class='ocrx_word' id='word_1_292' title='bbox 1842 2900 1999 2946; x_wconf 89' lang='lat' dir='ltr'><strong>sermone</strong></span> 
     </span>
     <span class='ocr_line' id='line_1_33' title="bbox 448 2974 2002 3063; baseline 0.001 -22"><span class='ocrx_word' id='word_1_293' title='bbox 448 2979 622 3051; x_wconf 90' lang='lat' dir='ltr'><strong>seniorum,</strong></span> <span class='ocrx_word' id='word_1_294' title='bbox 652 2996 689 3040; x_wconf 90' lang='lat' dir='ltr'><strong>ac</strong></span> <span class='ocrx_word' id='word_1_295' title='bbox 718 2977 817 3057; x_wconf 80' lang='lat' dir='ltr'><strong>vulgi,</strong></span> <span class='ocrx_word' id='word_1_296' title='bbox 843 2977 1003 3041; x_wconf 87' lang='lat' dir='ltr'><strong>Christum</strong></span> <span class='ocrx_word' id='word_1_297' title='bbox 1034 2974 1239 3060; x_wconf 88' lang='lat' dir='ltr'><strong>coeperuntC</strong></span> <span class='ocrx_word' id='word_1_298' title='bbox 1294 2980 1419 3052; x_wconf 82' lang='lat' dir='ltr'><strong>Quarto,</strong></span> <span class='ocrx_word' id='word_1_299' title='bbox 1435 2979 1692 3061; x_wconf 86' lang='lat' dir='ltr'><strong>praedicationem</strong></span> <span class='ocrx_word' id='word_1_300' title='bbox 1708 2979 1932 3061; x_wconf 84' lang='lat' dir='ltr'><strong>Apostolorum</strong></span> <span class='ocrx_word' id='word_1_301' title='bbox 1949 3001 2002 3063; x_wconf 89' lang='lat' dir='ltr'><strong>per</strong></span> 
     </span>
     <span class='ocr_line' id='line_1_34' title="bbox 448 3075 1999 3160; baseline 0.001 -22"><span class='ocrx_word' id='word_1_302' title='bbox 448 3076 569 3158; x_wconf 88' lang='lat' dir='ltr'><strong>absque</strong></span> <span class='ocrx_word' id='word_1_303' title='bbox 591 3076 679 3138; x_wconf 92' lang='lat' dir='ltr'><strong>omni</strong></span> <span class='ocrx_word' id='word_1_304' title='bbox 701 3075 874 3138; x_wconf 91' lang='lat' dir='ltr'><strong>formidine</strong></span> <span class='ocrx_word' id='word_1_305' title='bbox 895 3075 1078 3157; x_wconf 78' lang='lat' dir='ltr'><strong>praedicare,</strong></span> <span class='ocrx_word' id='word_1_306' title='bbox 1097 3083 1199 3157; x_wconf 88' lang='lat' dir='ltr'><strong>prote·</strong></span> <span class='ocrx_word' id='word_1_307' title='bbox 1255 3078 1353 3140; x_wconf 85' lang='lat' dir='ltr'><strong>multa</strong></span> <span class='ocrx_word' id='word_1_308' title='bbox 1376 3076 1528 3139; x_wconf 89' lang='lat' dir='ltr'><strong>miracula</strong></span> <span class='ocrx_word' id='word_1_309' title='bbox 1553 3075 1784 3139; x_wconf 89' lang='lat' dir='ltr'><strong>confirmando.</strong></span> <span class='ocrx_word' id='word_1_310' title='bbox 1811 3077 1933 3160; x_wconf 88' lang='lat' dir='ltr'><strong>Nempe</strong></span> <span class='ocrx_word' id='word_1_311' title='bbox 1964 3099 1999 3142; x_wconf 88' lang='lat' dir='ltr'><strong>ex</strong></span> 
     </span>
     <span class='ocr_line' id='line_1_35' title="bbox 449 3170 2000 3256; baseline 0.003 -21"><span class='ocrx_word' id='word_1_312' title='bbox 449 3173 561 3235; x_wconf 83' lang='lat' dir='ltr'><strong>stando</strong></span> <span class='ocrx_word' id='word_1_313' title='bbox 580 3180 612 3234; x_wconf 93' lang='lat' dir='ltr'><strong>et</strong></span> <span class='ocrx_word' id='word_1_314' title='bbox 632 3191 689 3254; x_wconf 90' lang='lat' dir='ltr'><strong>per</strong></span> <span class='ocrx_word' id='word_1_315' title='bbox 708 3171 887 3254; x_wconf 89' lang='lat' dir='ltr'><strong>Scripturas</strong></span> <span class='ocrx_word' id='word_1_316' title='bbox 902 3190 1007 3234; x_wconf 90' lang='lat' dir='ltr'><strong>sacras</strong></span> <span class='ocrx_word' id='word_1_317' title='bbox 1022 3170 1197 3253; x_wconf 88' lang='lat' dir='ltr'><strong>proband0,</strong></span> <span class='ocrx_word' id='word_1_318' title='bbox 1254 3178 1313 3239; x_wconf 91' lang='lat' dir='ltr'><strong>hoc</strong></span> <span class='ocrx_word' id='word_1_319' title='bbox 1343 3176 1394 3237; x_wconf 91' lang='lat' dir='ltr'><strong>die</strong></span> <span class='ocrx_word' id='word_1_320' title='bbox 1424 3181 1591 3256; x_wconf 85' lang='lat' dir='ltr'><strong>coeperunt</strong></span> <span class='ocrx_word' id='word_1_321' title='bbox 1615 3175 1757 3256; x_wconf 85' lang='lat' dir='ltr'><strong>Apostoli</strong></span> <span class='ocrx_word' id='word_1_322' title='bbox 1787 3175 1881 3238; x_wconf 90' lang='lat' dir='ltr'><strong>solito</strong></span> <span class='ocrx_word' id='word_1_323' title='bbox 1910 3178 2000 3240; x_wconf 89' lang='lat' dir='ltr'><strong>valde</strong></span> 
     </span>
     <span class='ocr_line' id='line_1_36' title="bbox 449 3270 2000 3354; baseline 0.003 -22"><span class='ocrx_word' id='word_1_324' title='bbox 449 3270 534 3354; x_wconf 91' lang='lat' dir='ltr'><strong>quod</strong></span> <span class='ocrx_word' id='word_1_325' title='bbox 564 3270 632 3352; x_wconf 89' lang='lat' dir='ltr'><strong>ipse</strong></span> <span class='ocrx_word' id='word_1_326' title='bbox 657 3270 810 3332; x_wconf 86' lang='lat' dir='ltr'><strong>Dominus</strong></span> <span class='ocrx_word' id='word_1_327' title='bbox 832 3271 923 3332; x_wconf 86' lang='lat' dir='ltr'><strong>tesns</strong></span> <span class='ocrx_word' id='word_1_328' title='bbox 950 3270 1129 3332; x_wconf 88' lang='lat' dir='ltr'><strong>Nazarenus</strong></span> <span class='ocrx_word' id='word_1_329' title='bbox 1158 3271 1199 3331; x_wconf 91' lang='lat' dir='ltr'><strong>sit</strong></span> <span class='ocrx_word' id='word_1_330' title='bbox 1254 3273 1467 3335; x_wconf 88' lang='lat' dir='ltr'><strong>abundantius</strong></span> <span class='ocrx_word' id='word_1_331' title='bbox 1492 3273 1523 3333; x_wconf 93' lang='lat' dir='ltr'><strong>in</strong></span> <span class='ocrx_word' id='word_1_332' title='bbox 1553 3272 1682 3334; x_wconf 93' lang='lat' dir='ltr'><strong>nomine</strong></span> <span class='ocrx_word' id='word_1_333' title='bbox 1706 3273 1822 3336; x_wconf 90' lang='lat' dir='ltr'><strong>Christi</strong></span> <span class='ocrx_word' id='word_1_334' title='bbox 1848 3274 2000 3336; x_wconf 90' lang='lat' dir='ltr'><strong>miracula</strong></span> 
     </span>
     <span class='ocr_line' id='line_1_37' title="bbox 448 3367 1999 3454; baseline 0 -22"><span class='ocrx_word' id='word_1_335' title='bbox 448 3387 543 3432; x_wconf 89' lang='lat' dir='ltr'><strong>verus</strong></span> <span class='ocrx_word' id='word_1_336' title='bbox 568 3367 723 3441; x_wconf 92' lang='lat' dir='ltr'><strong>Christus,</strong></span> <span class='ocrx_word' id='word_1_337' title='bbox 750 3386 804 3429; x_wconf 91' lang='lat' dir='ltr'><strong>rex</strong></span> <span class='ocrx_word' id='word_1_338' title='bbox 833 3368 929 3430; x_wconf 91' lang='lat' dir='ltr'><strong>lsrael</strong></span> <span class='ocrx_word' id='word_1_339' title='bbox 954 3374 985 3430; x_wconf 92' lang='lat' dir='ltr'><strong>et</strong></span> <span class='ocrx_word' id='word_1_340' title='bbox 1008 3367 1172 3430; x_wconf 86' lang='lat' dir='ltr'><strong>Messias&#39;</strong></span> <span class='ocrx_word' id='word_1_341' title='bbox 1165 3387 1197 3428; x_wconf 93' lang='grc' dir='ltr'><strong>ιιι</strong></span> <span class='ocrx_word' id='word_1_342' title='bbox 1253 3371 1401 3454; x_wconf 92' lang='lat' dir='ltr'><strong>operari;</strong></span> <span class='ocrx_word' id='word_1_343' title='bbox 1428 3389 1487 3432; x_wconf 92' lang='lat' dir='ltr'><strong>nec</strong></span> <span class='ocrx_word' id='word_1_344' title='bbox 1511 3370 1614 3432; x_wconf 92' lang='lat' dir='ltr'><strong>solum</strong></span> <span class='ocrx_word' id='word_1_345' title='bbox 1639 3371 1793 3452; x_wconf 88' lang='lat' dir='ltr'><strong>Apostoli,</strong></span> <span class='ocrx_word' id='word_1_346' title='bbox 1821 3372 1875 3434; x_wconf 90' lang='lat' dir='ltr'><strong>sed</strong></span> <span class='ocrx_word' id='word_1_347' title='bbox 1902 3371 1999 3434; x_wconf 87' lang='lat' dir='ltr'><strong>ceteri</strong></span> 
     </span>
     <span class='ocr_line' id='line_1_38' title="bbox 450 3464 1999 3552; baseline 0.003 -24"><span class='ocrx_word' id='word_1_348' title='bbox 450 3466 519 3546; x_wconf 80' lang='lat' dir='ltr'><strong>lege</strong></span> <span class='ocrx_word' id='word_1_349' title='bbox 542 3465 730 3546; x_wconf 91' lang='lat' dir='ltr'><strong>promissus,</strong></span> <span class='ocrx_word' id='word_1_350' title='bbox 747 3465 889 3527; x_wconf 87' lang='lat' dir='ltr'><strong>Salvator</strong></span> <span class='ocrx_word' id='word_1_351' title='bbox 912 3464 1022 3525; x_wconf 90' lang='lat' dir='ltr'><strong>mundi</strong></span> <span class='ocrx_word' id='word_1_352' title='bbox 1043 3483 1080 3525; x_wconf 89' lang='lat' dir='ltr'><strong>ae</strong></span> <span class='ocrx_word' id='word_1_353' title='bbox 1100 3464 1198 3526; x_wconf 76' lang='lat' dir='ltr'><strong>filius</strong></span> <span class='ocrx_word' id='word_1_354' title='bbox 1253 3486 1380 3551; x_wconf 89' lang='lat' dir='ltr'><strong>qnoque</strong></span> <span class='ocrx_word' id='word_1_355' title='bbox 1414 3468 1576 3549; x_wconf 86' lang='lat' dir='ltr'><strong>discipuli,</strong></span> <span class='ocrx_word' id='word_1_356' title='bbox 1609 3469 1685 3550; x_wconf 85' lang='lat' dir='ltr'><strong>qnia</strong></span> <span class='ocrx_word' id='word_1_357' title='bbox 1716 3468 1756 3531; x_wconf 87' lang='lat' dir='ltr'><strong>de</strong></span> <span class='ocrx_word' id='word_1_358' title='bbox 1786 3469 1815 3532; x_wconf 93' lang='lat' dir='ltr'><strong>S.</strong></span> <span class='ocrx_word' id='word_1_359' title='bbox 1840 3470 1999 3552; x_wconf 89' lang='lat' dir='ltr'><strong>Stephano</strong></span> 
     </span>
     <span class='ocr_line' id='line_1_39' title="bbox 450 3561 2089 3648; baseline 0.003 -24"><span class='ocrx_word' id='word_1_360' title='bbox 450 3562 514 3624; x_wconf 88' lang='lat' dir='ltr'><strong>Dei.</strong></span> <span class='ocrx_word' id='word_1_361' title='bbox 537 3562 625 3624; x_wconf 81' lang='lat' dir='ltr'><strong>&#39;lunc</strong></span> <span class='ocrx_word' id='word_1_362' title='bbox 648 3561 754 3642; x_wconf 86' lang='lat' dir='ltr'><strong>itaque</strong></span> <span class='ocrx_word' id='word_1_363' title='bbox 779 3561 917 3642; x_wconf 90' lang='lat' dir='ltr'><strong>Spiritus</strong></span> <span class='ocrx_word' id='word_1_364' title='bbox 939 3561 1072 3623; x_wconf 88' lang='lat' dir='ltr'><strong>Sanctus</strong></span> <span class='ocrx_word' id='word_1_365' title='bbox 1096 3561 1199 3642; x_wconf 92' lang='lat' dir='ltr'><strong>perhi·</strong></span> <span class='ocrx_word' id='word_1_366' title='bbox 1253 3568 1285 3629; x_wconf 92' lang='lat' dir='ltr'>B</span> <span class='ocrx_word' id='word_1_367' title='bbox 1302 3567 1402 3628; x_wconf 90' lang='lat' dir='ltr'><strong>Lucas</strong></span> <span class='ocrx_word' id='word_1_368' title='bbox 1425 3572 1568 3640; x_wconf 87' lang='lat' dir='ltr'><strong>testatur,</strong></span> <span class='ocrx_word' id='word_1_369' title='bbox 1590 3567 1674 3648; x_wconf 90' lang='lat' dir='ltr'><strong>quod</strong></span> <span class='ocrx_word' id='word_1_370' title='bbox 1693 3565 1832 3630; x_wconf 91' lang='lat' dir='ltr'><strong>faciebat</strong></span> <span class='ocrx_word' id='word_1_371' title='bbox 1855 3567 1946 3648; x_wconf 83' lang='lat' dir='ltr'><strong>signa</strong></span> <span class='ocrx_word' id='word_1_372' title='bbox 1969 3576 1999 3630; x_wconf 89' lang='lat' dir='ltr'><strong>et</strong></span> <span class='ocrx_word' id='word_1_373' title='bbox 2020 3587 2089 3630; x_wconf 78' lang='grc' dir='ltr'><strong>ιιι</strong></span> 
     </span>
     <span class='ocr_line' id='line_1_40' title="bbox 451 3657 2097 3748; baseline 0.005 -27"><span class='ocrx_word' id='word_1_374' title='bbox 451 3659 520 3723; x_wconf 89' lang='lat' dir='ltr'><strong>buit</strong></span> <span class='ocrx_word' id='word_1_375' title='bbox 542 3659 760 3722; x_wconf 90' lang='lat' dir='ltr'><strong>testimonium</strong></span> <span class='ocrx_word' id='word_1_376' title='bbox 783 3659 822 3720; x_wconf 89' lang='lat' dir='ltr'><strong>de</strong></span> <span class='ocrx_word' id='word_1_377' title='bbox 843 3657 967 3722; x_wconf 89' lang='lat' dir='ltr'><strong>Christo</strong></span> <span class='ocrx_word' id='word_1_378' title='bbox 987 3676 1044 3739; x_wconf 92' lang='lat' dir='ltr'><strong>per</strong></span> <span class='ocrx_word' id='word_1_379' title='bbox 1064 3675 1099 3719; x_wconf 91' lang='lat' dir='ltr'><strong>os</strong></span> <span class='ocrx_word' id='word_1_380' title='bbox 1118 3658 1199 3740; x_wconf 90' lang='lat' dir='ltr'><strong>Apo·</strong></span> <span class='ocrx_word' id='word_1_381' title='bbox 1253 3665 1397 3748; x_wconf 85' lang='lat' dir='ltr'><strong>prodigia</strong></span> <span class='ocrx_word' id='word_1_382' title='bbox 1413 3682 1525 3744; x_wconf 83' lang='lat' dir='ltr'><strong>magna</strong></span> <span class='ocrx_word' id='word_1_383' title='bbox 1541 3664 1573 3725; x_wconf 93' lang='lat' dir='ltr'><strong>in</strong></span> <span class='ocrx_word' id='word_1_384' title='bbox 1590 3665 1717 3746; x_wconf 91' lang='lat' dir='ltr'><strong>populo.</strong></span> <span class='ocrx_word' id='word_1_385' title='bbox 1731 3664 1848 3728; x_wconf 90' lang='lat' dir='ltr'><strong>Omnes</strong></span> <span class='ocrx_word' id='word_1_386' title='bbox 1864 3685 1998 3748; x_wconf 89' lang='lat' dir='ltr'><strong>namque</strong></span> <span class='ocrx_word' id='word_1_387' title='bbox 2096 3659 2097 3668; x_wconf 66' lang='grc'>’</span> 
     </span>
     <span class='ocr_line' id='line_1_41' title="bbox 451 3757 1998 3845; baseline 0.003 -25"><span class='ocrx_word' id='word_1_388' title='bbox 451 3757 615 3820; x_wconf 90' lang='lat' dir='ltr'><strong>stolorum.</strong></span> <span class='ocrx_word' id='word_1_389' title='bbox 1253 3761 1400 3824; x_wconf 91' lang='lat' dir='ltr'><strong>infirmos</strong></span> <span class='ocrx_word' id='word_1_390' title='bbox 1433 3762 1488 3844; x_wconf 90' lang='lat' dir='ltr'><strong>qui</strong></span> <span class='ocrx_word' id='word_1_391' title='bbox 1523 3762 1796 3843; x_wconf 67' lang='lat' dir='ltr'><strong>praesentabantur</strong></span> <span class='ocrx_word' id='word_1_392' title='bbox 1828 3764 1998 3845; x_wconf 85' lang='lat' dir='ltr'><strong>Apostolis,</strong></span> 
     </span>
     <span class='ocr_line' id='line_1_42' title="bbox 490 3853 2000 3943; baseline 0.004 -27"><span class='ocrx_word' id='word_1_393' title='bbox 490 3853 709 3936; x_wconf 87' lang='lat' dir='ltr'><strong>Multipliciter</strong></span> <span class='ocrx_word' id='word_1_394' title='bbox 737 3862 844 3917; x_wconf 89' lang='lat' dir='ltr'><strong>autem</strong></span> <span class='ocrx_word' id='word_1_395' title='bbox 870 3854 1036 3937; x_wconf 90' lang='lat' dir='ltr'><strong>perhibuit</strong></span> <span class='ocrx_word' id='word_1_396' title='bbox 1058 3854 1198 3917; x_wconf 90' lang='lat' dir='ltr'><strong>testimo·</strong></span> <span class='ocrx_word' id='word_1_397' title='bbox 1253 3861 1398 3943; x_wconf 92' lang='lat' dir='ltr'><strong>protinus</strong></span> <span class='ocrx_word' id='word_1_398' title='bbox 1415 3858 1545 3940; x_wconf 81' lang='lat' dir='ltr'><strong>gloriosi</strong></span> <span class='ocrx_word' id='word_1_399' title='bbox 1566 3868 1759 3922; x_wconf 89' lang='lat' dir='ltr'><strong>curaverunt</strong></span> <span class='ocrx_word' id='word_1_400' title='bbox 1773 3860 1913 3942; x_wconf 91' lang='lat' dir='ltr'><strong>Apostoli</strong></span> <span class='ocrx_word' id='word_1_401' title='bbox 1933 3879 1940 3922; x_wconf 95' lang='lat'>:</span> <span class='ocrx_word' id='word_1_402' title='bbox 1959 3862 2000 3922; x_wconf 87' lang='lat' dir='ltr'><strong>ita</strong></span> 
     </span>
     <span class='ocr_line' id='line_1_43' title="bbox 451 3953 2097 4048; baseline 0.004 -33"><span class='ocrx_word' id='word_1_403' title='bbox 451 3954 542 4015; x_wconf 91' lang='lat' dir='ltr'><strong>nium</strong></span> <span class='ocrx_word' id='word_1_404' title='bbox 562 3953 695 4015; x_wconf 88' lang='lat' dir='ltr'><strong>Christo.</strong></span> <span class='ocrx_word' id='word_1_405' title='bbox 717 3954 833 4028; x_wconf 88' lang='lat' dir='ltr'><strong>Primo,</strong></span> <span class='ocrx_word' id='word_1_406' title='bbox 854 3972 912 4036; x_wconf 89' lang='lat' dir='ltr'><strong>per</strong></span> <span class='ocrx_word' id='word_1_407' title='bbox 931 3955 990 4016; x_wconf 94' lang='lat' dir='ltr'><strong>hoc</strong></span> <span class='ocrx_word' id='word_1_408' title='bbox 1010 3954 1095 4036; x_wconf 90' lang='lat' dir='ltr'><strong>quod</strong></span> <span class='ocrx_word' id='word_1_409' title='bbox 1116 3953 1200 4015; x_wconf 90' lang='lat' dir='ltr'><strong>Chri·</strong></span> <span class='ocrx_word' id='word_1_410' title='bbox 1252 3959 1337 4040; x_wconf 87' lang='lat' dir='ltr'><strong>quod</strong></span> <span class='ocrx_word' id='word_1_411' title='bbox 1353 3958 1496 4020; x_wconf 90' lang='lat' dir='ltr'><strong>civitates</strong></span> <span class='ocrx_word' id='word_1_412' title='bbox 1512 3957 1595 4020; x_wconf 90' lang='lat' dir='ltr'><strong>circa</strong></span> <span class='ocrx_word' id='word_1_413' title='bbox 1608 3958 1781 4021; x_wconf 89' lang='lat' dir='ltr'><strong>Jerusalem</strong></span> <span class='ocrx_word' id='word_1_414' title='bbox 1797 3960 1915 4022; x_wconf 75' lang='lat' dir='ltr'><strong>situatae</strong></span> <span class='ocrx_word' id='word_1_415' title='bbox 1932 3977 2001 4023; x_wconf 91' lang='lat' dir='ltr'><strong>con·</strong></span> <span class='ocrx_word' id='word_1_416' title='bbox 2096 3957 2097 4048; x_wconf 71' lang='lat' dir='ltr'><strong>l</strong></span> 
     </span>
     <span class='ocr_line' id='line_1_44' title="bbox 450 4051 1998 4138; baseline 0.003 -24"><span class='ocrx_word' id='word_1_417' title='bbox 450 4052 491 4114; x_wconf 94' lang='lat' dir='ltr'><strong>sti</strong></span> <span class='ocrx_word' id='word_1_418' title='bbox 521 4051 767 4132; x_wconf 89' lang='lat' dir='ltr'><strong>promissionem</strong></span> <span class='ocrx_word' id='word_1_419' title='bbox 797 4053 835 4115; x_wconf 91' lang='lat' dir='ltr'><strong>de</strong></span> <span class='ocrx_word' id='word_1_420' title='bbox 864 4072 921 4115; x_wconf 89' lang='lat' dir='ltr'><strong>sua</strong></span> <span class='ocrx_word' id='word_1_421' title='bbox 952 4053 1105 4115; x_wconf 91' lang='lat' dir='ltr'><strong>missione</strong></span> <span class='ocrx_word' id='word_1_422' title='bbox 1135 4060 1197 4113; x_wconf 87' lang='lat' dir='ltr'><strong>tam</strong></span> <span class='ocrx_word' id='word_1_423' title='bbox 1253 4055 1433 4127; x_wconf 89' lang='lat' dir='ltr'><strong>currebant,</strong></span> <span class='ocrx_word' id='word_1_424' title='bbox 1451 4064 1483 4117; x_wconf 91' lang='lat' dir='ltr'><strong>et</strong></span> <span class='ocrx_word' id='word_1_425' title='bbox 1496 4073 1595 4136; x_wconf 81' lang='lat' dir='ltr'><strong>aegros</strong></span> <span class='ocrx_word' id='word_1_426' title='bbox 1615 4057 1870 4138; x_wconf 88' lang='lat' dir='ltr'><strong>quamplurimos</strong></span> <span class='ocrx_word' id='word_1_427' title='bbox 1890 4075 1998 4120; x_wconf 87' lang='lat' dir='ltr'><strong>secum</strong></span> 
     </span>
     <span class='ocr_line' id='line_1_45' title="bbox 449 4145 2097 4238; baseline 0.008 -28"><span class='ocrx_word' id='word_1_428' title='bbox 449 4151 585 4231; x_wconf 79' lang='lat' dir='ltr'><strong>gratiose</strong></span> <span class='ocrx_word' id='word_1_429' title='bbox 609 4167 645 4211; x_wconf 91' lang='lat' dir='ltr'><strong>ac</strong></span> <span class='ocrx_word' id='word_1_430' title='bbox 676 4149 863 4212; x_wconf 92' lang='lat' dir='ltr'><strong>miraculose</strong></span> <span class='ocrx_word' id='word_1_431' title='bbox 894 4150 1050 4232; x_wconf 91' lang='lat' dir='ltr'><strong>implevit,</strong></span> <span class='ocrx_word' id='word_1_432' title='bbox 1077 4154 1285 4230; x_wconf 87' lang='lat' dir='ltr'><strong>utpote,Din</strong></span> <span class='ocrx_word' id='word_1_433' title='bbox 1301 4154 1475 4217; x_wconf 88' lang='lat' dir='ltr'><strong>Jerusalem</strong></span> <span class='ocrx_word' id='word_1_434' title='bbox 1495 4155 1533 4216; x_wconf 91' lang='lat' dir='ltr'><strong>ad</strong></span> <span class='ocrx_word' id='word_1_435' title='bbox 1553 4155 1720 4236; x_wconf 88' lang='lat' dir='ltr'><strong>Apostolos</strong></span> <span class='ocrx_word' id='word_1_436' title='bbox 1735 4156 1998 4238; x_wconf 87' lang='lat' dir='ltr'><strong>deportaverunt;</strong></span> <span class='ocrx_word' id='word_1_437' title='bbox 2096 4145 2097 4224; x_wconf 78' lang='lat' dir='ltr'><strong>l</strong></span> 
     </span>
     <span class='ocr_line' id='line_1_46' title="bbox 450 4247 2097 4338; baseline 0.005 -28"><span class='ocrx_word' id='word_1_438' title='bbox 450 4267 507 4330; x_wconf 93' lang='lat' dir='ltr'><strong>per</strong></span> <span class='ocrx_word' id='word_1_439' title='bbox 526 4249 586 4310; x_wconf 88' lang='lat' dir='ltr'><strong>hoc</strong></span> <span class='ocrx_word' id='word_1_440' title='bbox 605 4248 690 4330; x_wconf 93' lang='lat' dir='ltr'><strong>quod</strong></span> <span class='ocrx_word' id='word_1_441' title='bbox 711 4248 789 4329; x_wconf 93' lang='lat' dir='ltr'><strong>ipsis</strong></span> <span class='ocrx_word' id='word_1_442' title='bbox 803 4249 962 4331; x_wconf 90' lang='lat' dir='ltr'><strong>Apostolis</strong></span> <span class='ocrx_word' id='word_1_443' title='bbox 981 4257 1014 4310; x_wconf 91' lang='lat' dir='ltr'><strong>et</strong></span> <span class='ocrx_word' id='word_1_444' title='bbox 1030 4267 1199 4330; x_wconf 84' lang='lat' dir='ltr'><strong>congrega·</strong></span> <span class='ocrx_word' id='word_1_445' title='bbox 1253 4252 1508 4334; x_wconf 87' lang='lat' dir='ltr'><strong>sanabanturque</strong></span> <span class='ocrx_word' id='word_1_446' title='bbox 1543 4270 1664 4327; x_wconf 89' lang='lat' dir='ltr'><strong>omnes,</strong></span> <span class='ocrx_word' id='word_1_447' title='bbox 1696 4253 1728 4315; x_wconf 92' lang='lat' dir='ltr'><strong>in</strong></span> <span class='ocrx_word' id='word_1_448' title='bbox 1758 4261 1881 4317; x_wconf 89' lang='lat' dir='ltr'><strong>tantum</strong></span> <span class='ocrx_word' id='word_1_449' title='bbox 1914 4258 1999 4338; x_wconf 93' lang='lat' dir='ltr'><strong>quod</strong></span> <span class='ocrx_word' id='word_1_450' title='bbox 2096 4247 2097 4334; x_wconf 78' lang='lat' dir='ltr'><strong>l</strong></span> 
     </span>
     <span class='ocr_line' id='line_1_47' title="bbox 449 4347 2097 4438; baseline 0.006 -29"><span class='ocrx_word' id='word_1_451' title='bbox 449 4347 490 4409; x_wconf 88' lang='lat' dir='ltr'><strong>tis</strong></span> <span class='ocrx_word' id='word_1_452' title='bbox 505 4366 579 4410; x_wconf 88' lang='lat' dir='ltr'><strong>cum</strong></span> <span class='ocrx_word' id='word_1_453' title='bbox 595 4347 653 4420; x_wconf 91' lang='lat' dir='ltr'><strong>eis,</strong></span> <span class='ocrx_word' id='word_1_454' title='bbox 669 4347 872 4428; x_wconf 86' lang='lat' dir='ltr'><strong>simplicibus</strong></span> <span class='ocrx_word' id='word_1_455' title='bbox 887 4355 919 4410; x_wconf 91' lang='lat' dir='ltr'><strong>et</strong></span> <span class='ocrx_word' id='word_1_456' title='bbox 934 4348 1052 4423; x_wconf 84' lang='lat' dir='ltr'><strong>idiotis,</strong></span> <span class='ocrx_word' id='word_1_457' title='bbox 1067 4357 1197 4430; x_wconf 89' lang='lat' dir='ltr'><strong>repente</strong></span> <span class='ocrx_word' id='word_1_458' title='bbox 1253 4353 1348 4414; x_wconf 89' lang='lat' dir='ltr'><strong>etiam</strong></span> <span class='ocrx_word' id='word_1_459' title='bbox 1366 4352 1512 4414; x_wconf 92' lang='lat' dir='ltr'><strong>infideles</strong></span> <span class='ocrx_word' id='word_1_460' title='bbox 1527 4353 1625 4415; x_wconf 85' lang='lat' dir='ltr'><strong>tudaei</strong></span> <span class='ocrx_word' id='word_1_461' title='bbox 1641 4361 1731 4416; x_wconf 89' lang='lat' dir='ltr'><strong>erant</strong></span> <span class='ocrx_word' id='word_1_462' title='bbox 1745 4355 1836 4419; x_wconf 91' lang='lat' dir='ltr'><strong>valde</strong></span> <span class='ocrx_word' id='word_1_463' title='bbox 1852 4359 1999 4438; x_wconf 89' lang='lat' dir='ltr'><strong>perterri-</strong></span> <span class='ocrx_word' id='word_1_464' title='bbox 2096 4359 2097 4408; x_wconf 85' lang='lat' dir='ltr'><strong>l</strong></span> 
     </span>
     <span class='ocr_line' id='line_1_48' title="bbox 449 4444 2097 4530; baseline 0.006 -22"><span class='ocrx_word' id='word_1_465' title='bbox 449 4445 638 4528; x_wconf 88' lang='lat' dir='ltr'><strong>sapientiam</strong></span> <span class='ocrx_word' id='word_1_466' title='bbox 662 4453 781 4508; x_wconf 88' lang='lat' dir='ltr'><strong>tantam</strong></span> <span class='ocrx_word' id='word_1_467' title='bbox 807 4444 934 4520; x_wconf 87' lang='lat' dir='ltr'><strong>inludit,</strong></span> <span class='ocrx_word' id='word_1_468' title='bbox 956 4454 1020 4508; x_wconf 91' lang='lat' dir='ltr'><strong>tam</strong></span> <span class='ocrx_word' id='word_1_469' title='bbox 1045 4447 1198 4509; x_wconf 90' lang='lat' dir='ltr'><strong>ardentis·</strong></span> <span class='ocrx_word' id='word_1_470' title='bbox 1253 4451 1354 4524; x_wconf 91' lang='lat' dir='ltr'><strong>ti‚nec</strong></span> <span class='ocrx_word' id='word_1_471' title='bbox 1369 4450 1528 4512; x_wconf 88' lang='lat' dir='ltr'><strong>audebant</strong></span> <span class='ocrx_word' id='word_1_472' title='bbox 1543 4470 1576 4512; x_wconf 91' lang='lat' dir='ltr'><strong>se</strong></span> <span class='ocrx_word' id='word_1_473' title='bbox 1592 4451 1767 4515; x_wconf 88' lang='lat' dir='ltr'><strong>admiscere</strong></span> <span class='ocrx_word' id='word_1_474' title='bbox 1782 4455 1996 4518; x_wconf 89' lang='lat' dir='ltr'><strong>credentibus.</strong></span> <span class='ocrx_word' id='word_1_475' title='bbox 2096 4473 2097 4530; x_wconf 67' lang='grc' dir='ltr'><strong>ι</strong></span> 
     </span>
     <span class='ocr_line' id='line_1_49' title="bbox 449 4543 2097 4626; baseline -0.001 -20"><span class='ocrx_word' id='word_1_476' title='bbox 449 4545 563 4606; x_wconf 89' lang='lat' dir='ltr'><strong>simam</strong></span> <span class='ocrx_word' id='word_1_477' title='bbox 583 4543 745 4606; x_wconf 83' lang='lat' dir='ltr'><strong>caritatem</strong></span> <span class='ocrx_word' id='word_1_478' title='bbox 766 4544 821 4607; x_wconf 87' lang='lat' dir='ltr'><strong>Dei</strong></span> <span class='ocrx_word' id='word_1_479' title='bbox 841 4551 873 4606; x_wconf 91' lang='lat' dir='ltr'><strong>et</strong></span> <span class='ocrx_word' id='word_1_480' title='bbox 892 4545 1029 4626; x_wconf 80' lang='lat' dir='ltr'><strong>proximi</strong></span> <span class='ocrx_word' id='word_1_481' title='bbox 1050 4546 1195 4620; x_wconf 89' lang='lat' dir='ltr'><strong>contulit,</strong></span> <span class='ocrx_word' id='word_1_482' title='bbox 1252 4547 1331 4608; x_wconf 91' lang='lat' dir='ltr'><strong>Hinc</strong></span> <span class='ocrx_word' id='word_1_483' title='bbox 1350 4549 1381 4610; x_wconf 94' lang='lat' dir='ltr'><strong>in</strong></span> <span class='ocrx_word' id='word_1_484' title='bbox 1404 4547 1536 4610; x_wconf 90' lang='lat' dir='ltr'><strong>Actibus</strong></span> <span class='ocrx_word' id='word_1_485' title='bbox 1556 4549 1668 4610; x_wconf 89' lang='lat' dir='ltr'><strong>asserit</strong></span> <span class='ocrx_word' id='word_1_486' title='bbox 1688 4549 1720 4611; x_wconf 90' lang='lat' dir='ltr'><strong>B.</strong></span> <span class='ocrx_word' id='word_1_487' title='bbox 1739 4550 1838 4614; x_wconf 90' lang='lat' dir='ltr'><strong>Lucas</strong></span> <span class='ocrx_word' id='word_1_488' title='bbox 1861 4570 1868 4614; x_wconf 94' lang='lat'>:</span> <span class='ocrx_word' id='word_1_489' title='bbox 1891 4553 1998 4615; x_wconf 87' lang='lat' dir='ltr'><strong>Flebat</strong></span> <span class='ocrx_word' id='word_1_490' title='bbox 2012 4562 2097 4612; x_wconf 54' lang='lat' dir='ltr'><strong>nram</strong></span> 
     </span>
     <span class='ocr_line' id='line_1_50' title="bbox 447 4642 1998 4733; baseline 0.005 -27"><span class='ocrx_word' id='word_1_491' title='bbox 447 4651 566 4706; x_wconf 87' lang='lat' dir='ltr'><strong>tantam</strong></span> <span class='ocrx_word' id='word_1_492' title='bbox 581 4642 679 4705; x_wconf 91' lang='lat' dir='ltr'><strong>animi</strong></span> <span class='ocrx_word' id='word_1_493' title='bbox 693 4642 909 4706; x_wconf 90' lang='lat' dir='ltr'><strong>fortitudinem</strong></span> <span class='ocrx_word' id='word_1_494' title='bbox 925 4644 1197 4720; x_wconf 91' lang='lat' dir='ltr'><strong>indidit,omnium</strong></span> <span class='ocrx_word' id='word_1_495' title='bbox 1251 4655 1358 4708; x_wconf 88' lang='lat' dir='ltr'><strong>autem</strong></span> <span class='ocrx_word' id='word_1_496' title='bbox 1373 4647 1461 4708; x_wconf 93' lang='lat' dir='ltr'><strong>omni</strong></span> <span class='ocrx_word' id='word_1_497' title='bbox 1481 4647 1595 4709; x_wconf 82' lang='lat' dir='ltr'><strong>animae</strong></span> <span class='ocrx_word' id='word_1_498' title='bbox 1614 4647 1710 4710; x_wconf 92' lang='lat' dir='ltr'><strong>timor</strong></span> <span class='ocrx_word' id='word_1_499' title='bbox 1721 4665 1730 4726; x_wconf 92' lang='lat'>;</span> <span class='ocrx_word' id='word_1_500' title='bbox 1752 4648 1853 4712; x_wconf 85' lang='lat' dir='ltr'><strong>multa</strong></span> <span class='ocrx_word' id='word_1_501' title='bbox 1871 4669 1998 4733; x_wconf 86' lang='lat' dir='ltr'><strong>quoque</strong></span> 
     </span>
     <span class='ocr_line' id='line_1_51' title="bbox 448 4741 1996 4827; baseline 0.005 -23"><span class='ocrx_word' id='word_1_502' title='bbox 448 4743 630 4824; x_wconf 81' lang='lat' dir='ltr'><strong>linguarum</strong></span> <span class='ocrx_word' id='word_1_503' title='bbox 645 4741 789 4804; x_wconf 90' lang='lat' dir='ltr'><strong>notitiam</strong></span> <span class='ocrx_word' id='word_1_504' title='bbox 806 4749 838 4804; x_wconf 93' lang='lat' dir='ltr'><strong>et</strong></span> <span class='ocrx_word' id='word_1_505' title='bbox 853 4761 947 4803; x_wconf 92' lang='lat' dir='ltr'><strong>usum</strong></span> <span class='ocrx_word' id='word_1_506' title='bbox 963 4742 1139 4806; x_wconf 90' lang='lat' dir='ltr'><strong>concessit:</strong></span> <span class='ocrx_word' id='word_1_507' title='bbox 1155 4743 1197 4805; x_wconf 91' lang='lat' dir='ltr'><strong>ita</strong></span> <span class='ocrx_word' id='word_1_508' title='bbox 1253 4745 1396 4826; x_wconf 81' lang='lat' dir='ltr'><strong>prodigia</strong></span> <span class='ocrx_word' id='word_1_509' title='bbox 1411 4752 1442 4806; x_wconf 90' lang='lat' dir='ltr'><strong>et</strong></span> <span class='ocrx_word' id='word_1_510' title='bbox 1457 4745 1546 4825; x_wconf 81' lang='lat' dir='ltr'><strong>signa</strong></span> <span class='ocrx_word' id='word_1_511' title='bbox 1566 4764 1623 4827; x_wconf 93' lang='lat' dir='ltr'><strong>per</strong></span> <span class='ocrx_word' id='word_1_512' title='bbox 1637 4745 1803 4827; x_wconf 88' lang='lat' dir='ltr'><strong>Apostolos</strong></span> <span class='ocrx_word' id='word_1_513' title='bbox 1824 4749 1946 4812; x_wconf 88' lang='lat' dir='ltr'><strong>fiebant</strong></span> <span class='ocrx_word' id='word_1_514' title='bbox 1966 4751 1996 4811; x_wconf 95' lang='lat' dir='ltr'><strong>in</strong></span> 
     </span>
     <span class='ocr_line' id='line_1_52' title="bbox 448 4838 1997 4928; baseline 0.004 -24"><span class='ocrx_word' id='word_1_515' title='bbox 448 4841 532 4924; x_wconf 91' lang='lat' dir='ltr'><strong>quod</strong></span> <span class='ocrx_word' id='word_1_516' title='bbox 552 4838 654 4902; x_wconf 92' lang='lat' dir='ltr'><strong>sancti</strong></span> <span class='ocrx_word' id='word_1_517' title='bbox 668 4839 822 4920; x_wconf 86' lang='lat' dir='ltr'><strong>Apostoli,</strong></span> <span class='ocrx_word' id='word_1_518' title='bbox 838 4839 894 4920; x_wconf 90' lang='lat' dir='ltr'><strong>qui</strong></span> <span class='ocrx_word' id='word_1_519' title='bbox 914 4858 932 4901; x_wconf 89' lang='lat' dir='ltr'><strong>a</strong></span> <span class='ocrx_word' id='word_1_520' title='bbox 949 4839 1073 4903; x_wconf 92' lang='lat' dir='ltr'><strong>Christo</strong></span> <span class='ocrx_word' id='word_1_521' title='bbox 1092 4842 1197 4902; x_wconf 91' lang='lat' dir='ltr'><strong>adhuc</strong></span> <span class='ocrx_word' id='word_1_522' title='bbox 1250 4845 1436 4917; x_wconf 89' lang='lat' dir='ltr'><strong>Jerusalem,</strong></span> <span class='ocrx_word' id='word_1_523' title='bbox 1458 4851 1489 4907; x_wconf 89' lang='lat' dir='ltr'><strong>et</strong></span> <span class='ocrx_word' id='word_1_524' title='bbox 1511 4852 1613 4907; x_wconf 90' lang='lat' dir='ltr'><strong>metus</strong></span> <span class='ocrx_word' id='word_1_525' title='bbox 1633 4853 1700 4908; x_wconf 91' lang='lat' dir='ltr'><strong>erat</strong></span> <span class='ocrx_word' id='word_1_526' title='bbox 1722 4865 1855 4928; x_wconf 83' lang='lat' dir='ltr'><strong>magnus</strong></span> <span class='ocrx_word' id='word_1_527' title='bbox 1876 4850 1908 4911; x_wconf 97' lang='lat' dir='ltr'><strong>in</strong></span> <span class='ocrx_word' id='word_1_528' title='bbox 1928 4851 1997 4912; x_wconf 92' lang='lat' dir='ltr'><strong>uni-</strong></span> 
     </span>
     <span class='ocr_line' id='line_1_53' title="bbox 446 4936 2097 5021; baseline -0.002 -18"><span class='ocrx_word' id='word_1_529' title='bbox 446 4940 576 5003; x_wconf 85' lang='lat' dir='ltr'><strong>vivente</strong></span> <span class='ocrx_word' id='word_1_530' title='bbox 598 4945 631 4999; x_wconf 90' lang='lat' dir='ltr'><strong>et</strong></span> <span class='ocrx_word' id='word_1_531' title='bbox 651 4944 743 5018; x_wconf 91' lang='lat' dir='ltr'><strong>capto</strong></span> <span class='ocrx_word' id='word_1_532' title='bbox 764 4936 925 5018; x_wconf 77' lang='lat' dir='ltr'><strong>fugerunt,</strong></span> <span class='ocrx_word' id='word_1_533' title='bbox 940 4936 1006 5018; x_wconf 90' lang='lat' dir='ltr'><strong>jam</strong></span> <span class='ocrx_word' id='word_1_534' title='bbox 1029 4957 1103 5001; x_wconf 91' lang='lat' dir='ltr'><strong>eum</strong></span> <span class='ocrx_word' id='word_1_535' title='bbox 1125 4947 1197 5021; x_wconf 87' lang='lat' dir='ltr'><strong>post</strong></span> <span class='ocrx_word' id='word_1_536' title='bbox 1251 4943 1361 5004; x_wconf 89' lang='lat' dir='ltr'><strong>versis.</strong></span> <span class='ocrx_word' id='word_1_537' title='bbox 1379 4943 1562 5006; x_wconf 92' lang='lat' dir='ltr'><strong>Ceterorum</strong></span> <span class='ocrx_word' id='word_1_538' title='bbox 1579 4944 1675 5005; x_wconf 89' lang='lat' dir='ltr'><strong>etiam</strong></span> <span class='ocrx_word' id='word_1_539' title='bbox 1691 4945 1799 5008; x_wconf 92' lang='lat' dir='ltr'><strong>nullus</strong></span> <span class='ocrx_word' id='word_1_540' title='bbox 1814 4947 1950 5010; x_wconf 91' lang='lat' dir='ltr'><strong>audebat</strong></span> <span class='ocrx_word' id='word_1_541' title='bbox 1964 4969 1997 5011; x_wconf 93' lang='lat' dir='ltr'><strong>se</strong></span> <span class='ocrx_word' id='word_1_542' title='bbox 2010 4960 2070 5004; x_wconf 74' lang='grc' dir='ltr'>[ιιιι</span> <span class='ocrx_word' id='word_1_543' title='bbox 2082 4955 2097 4991; x_wconf 68' lang='grc' dir='ltr'><strong>ι</strong></span> 
     </span>
     <span class='ocr_line' id='line_1_54' title="bbox 448 5032 1997 5128; baseline 0.006 -28"><span class='ocrx_word' id='word_1_544' title='bbox 448 5055 538 5100; x_wconf 90' lang='lat' dir='ltr'><strong>suam</strong></span> <span class='ocrx_word' id='word_1_545' title='bbox 563 5032 808 5097; x_wconf 80' lang='lat' dir='ltr'><strong>crucifixionem</strong></span> <span class='ocrx_word' id='word_1_546' title='bbox 832 5042 896 5097; x_wconf 90' lang='lat' dir='ltr'><strong>tam</strong></span> <span class='ocrx_word' id='word_1_547' title='bbox 922 5035 1135 5118; x_wconf 89' lang='lat' dir='ltr'><strong>imperterrite</strong></span> <span class='ocrx_word' id='word_1_548' title='bbox 1159 5057 1196 5100; x_wconf 87' lang='lat' dir='ltr'><strong>ac</strong></span> <span class='ocrx_word' id='word_1_549' title='bbox 1251 5040 1445 5122; x_wconf 80' lang='lat' dir='ltr'><strong>conjungere</strong></span> <span class='ocrx_word' id='word_1_550' title='bbox 1468 5041 1548 5119; x_wconf 89' lang='lat' dir='ltr'><strong>illis;</strong></span> <span class='ocrx_word' id='word_1_551' title='bbox 1568 5043 1623 5104; x_wconf 91' lang='lat' dir='ltr'><strong>sed</strong></span> <span class='ocrx_word' id='word_1_552' title='bbox 1643 5041 1848 5107; x_wconf 79' lang='lat' dir='ltr'><strong>beatificabat</strong></span> <span class='ocrx_word' id='word_1_553' title='bbox 1869 5064 1922 5109; x_wconf 93' lang='lat' dir='ltr'><strong>eos</strong></span> <span class='ocrx_word' id='word_1_554' title='bbox 1943 5065 1997 5128; x_wconf 84' lang='lat' dir='ltr'><strong>po</strong></span> 
     </span>
     <span class='ocr_line' id='line_1_55' title="bbox 448 5132 2069 5250; baseline 0.005 -52"><span class='ocrx_word' id='word_1_555' title='bbox 448 5132 705 5198; x_wconf 89' lang='lat' dir='ltr'><strong>constantissime</strong></span> <span class='ocrx_word' id='word_1_556' title='bbox 721 5133 989 5215; x_wconf 80' lang='lat' dir='ltr'><strong>praedicaverunt3</strong></span> <span class='ocrx_word' id='word_1_557' title='bbox 1006 5144 1038 5199; x_wconf 92' lang='lat' dir='ltr'><strong>et</strong></span> <span class='ocrx_word' id='word_1_558' title='bbox 1052 5139 1196 5200; x_wconf 89' lang='lat' dir='ltr'><strong>sacratis·</strong></span> <span class='ocrx_word' id='word_1_559' title='bbox 1250 5138 1355 5250; x_wconf 85' lang='lat' dir='ltr'><strong>pulus</strong></span> <span class='ocrx_word' id='word_1_560' title='bbox 1368 5139 1429 5200; x_wconf 84' lang='lat' dir='ltr'><strong>lsta</strong></span> <span class='ocrx_word' id='word_1_561' title='bbox 1443 5157 1553 5201; x_wconf 88' lang='lat' dir='ltr'><strong>revera</strong></span> <span class='ocrx_word' id='word_1_562' title='bbox 1568 5138 1697 5201; x_wconf 91' lang='lat' dir='ltr'><strong>fuerunt</strong></span> <span class='ocrx_word' id='word_1_563' title='bbox 1713 5140 1873 5204; x_wconf 92' lang='lat' dir='ltr'><strong>mirabilia</strong></span> <span class='ocrx_word' id='word_1_564' title='bbox 1886 5163 2069 5242; x_wconf 53' lang='lat' dir='ltr'><strong>magnam</strong></span> 
     </span>
     <span class='ocr_line' id='line_1_56' title="bbox 447 5230 2037 5324; baseline 0.004 -27"><span class='ocrx_word' id='word_1_565' title='bbox 447 5235 549 5297; x_wconf 88' lang='lat' dir='ltr'><strong>simus</strong></span> <span class='ocrx_word' id='word_1_566' title='bbox 572 5230 722 5314; x_wconf 89' lang='lat' dir='ltr'><strong>princeps</strong></span> <span class='ocrx_word' id='word_1_567' title='bbox 746 5231 968 5314; x_wconf 90' lang='lat' dir='ltr'><strong>Apostolorum</strong></span> <span class='ocrx_word' id='word_1_568' title='bbox 993 5234 1112 5310; x_wconf 88' lang='lat' dir='ltr'><strong>Petrus,</strong></span> <span class='ocrx_word' id='word_1_569' title='bbox 1138 5237 1193 5318; x_wconf 89' lang='lat' dir='ltr'><strong>qui</strong></span> <span class='ocrx_word' id='word_1_570' title='bbox 1249 5238 1345 5300; x_wconf 88' lang='lat' dir='ltr'><strong>nimis</strong></span> <span class='ocrx_word' id='word_1_571' title='bbox 1358 5245 1390 5300; x_wconf 92' lang='lat' dir='ltr'><strong>et</strong></span> <span class='ocrx_word' id='word_1_572' title='bbox 1403 5237 1641 5300; x_wconf 84' lang='lat' dir='ltr'><strong>mnabrlrssrma</strong></span> <span class='ocrx_word' id='word_1_573' title='bbox 1652 5239 1744 5302; x_wconf 88' lang='lat' dir='ltr'><strong>valde</strong></span> <span class='ocrx_word' id='word_1_574' title='bbox 1745 5247 1854 5324; x_wconf 88' lang='lat' dir='ltr'><strong>,atque</strong></span> <span class='ocrx_word' id='word_1_575' title='bbox 1868 5245 1997 5308; x_wconf 88' lang='lat' dir='ltr'><strong>mutatio</strong></span> <span class='ocrx_word' id='word_1_576' title='bbox 2010 5267 2037 5305; x_wconf 83' lang='grc' dir='ltr'><strong>ιι</strong></span> 
     </span>
    </p>
   </div>
   <div class='ocr_carea' id='block_1_9' title="bbox 0 0 2148 6260">
    <p class='ocr_par' dir='ltr' id='par_1_9' title="bbox 0 0 2148 6260">
     <span class='ocr_line' id='line_1_57' title="bbox 0 0 2148 6260; baseline 0 0"><span class='ocrx_word' id='word_1_577' title='bbox 0 0 2148 6260; x_wconf 95' lang='lat' dir='ltr'><strong> </strong></span> 
     </span>
    </p>
   </div>
  </div>
 </body>
</html>
