4140 6258
470 487 617 537 nomurcl
638 488 693 535 riu
713 487 787 534 rosr
806 486 1000 534 murram.
1020 503 1061 516 —
1082 486 1180 534 sunno
1201 485 1354 534 sumanus
1625 463 1686 530 299

136 658 163 722 si
183 659 396 724 reverentiam
420 659 561 734 honoris,
580 658 714 742 gloriam
735 659 848 734 laudis,
864 656 1024 722 ahenim
1040 663 1159 740 quanto
1173 657 1246 740 quis
1263 657 1295 721 in
1311 657 1376 720 vita
1391 654 1539 740 praesenti
1554 653 1686 737 emplio

138 757 326 822 melioribus
342 758 452 832 metui,
467 758 508 820 ab
523 757 673 821 omnibus
688 763 817 820 sanctus
831 776 883 822 vo
937 775 1005 818 rem
1021 755 1083 819 sibi
1099 763 1249 839 procurat
1263 755 1381 820 lamam
1401 752 1578 818 sanctitatis
1591 761 1623 815 et
1637 771 1684 815 sa-

136 856 223 920 caril
240 857 278 920 Et
292 856 488 939 Augustinus
505 856 646 920 latetur:
664 856 813 939 Quisquis
827 875 883 938 ap
937 855 1076 937 pientiae,
1094 863 1182 918 tanto
1197 855 1298 936 mayor
1314 854 1375 919 erit
1392 853 1464 936 ejus
1484 851 1631 917 conlusio
1651 851 1683 914 in

134 955 214 1038 petit
227 955 328 1018 videri
344 956 428 1038 quod
444 972 507 1032 nqn
523 953 753 1038 est,hypocrita
770 954 883 1018 morito
937 953 989 1016 die
1012 953 1138 1035 judicii,
1165 953 1420 1036 eternaliterque
1447 951 1479 1014 in
1509 950 1613 1035 poenis
1638 950 1684 1013 in-

134 1052 338 1136 appellatnr:
358 1053 488 1116 simulat
507 1051 594 1115 enim
614 1071 647 1114 se
665 1053 800 1133 justum,
818 1069 881 1116 non
937 1050 1032 1125 ierni,
1049 1051 1076 1114 si
1092 1071 1192 1116 vanus
1210 1059 1242 1115 et
1261 1049 1358 1114 lictus
1376 1050 1475 1114 luerit
1495 1065 1600 1112 coram
1620 1047 1685 1112 Deo

134 1150 275 1226 exhibet,
291 1151 443 1234 quoniam
463 1158 565 1214 totum
582 1149 724 1212 fructum
740 1150 773 1212 in
789 1149 881 1213 laude
938 1149 1097 1212 inventus.
1115 1149 1160 1212 Ex
1176 1149 1226 1212 his
1242 1148 1424 1223 innotescit,
1439 1155 1559 1231 quanta
1575 1147 1616 1210 sit
1631 1147 1685 1229 hy-

134 1249 301 1312 hominum
319 1250 420 1333 ponit.
437 1250 600 1338 lnteydum
615 1267 691 1313 vero
708 1248 881 1332 hypocritae
937 1247 1131 1331 pocriturum
1154 1254 1185 1310 et
1206 1246 1426 1310 simulatorum
1449 1245 1586 1308 intuitus.

133 1345 273 1410 carnalia
293 1347 460 1410 commoda
477 1353 626 1429 quaerunt
647 1353 679 1408 et
700 1345 799 1420 lucra,
816 1346 882 1409 imo
982 1346 1037 1409 Est
1066 1363 1194 1428 quoque
1223 1363 1334 1409 eorum
1363 1344 1492 1428 grandis
1522 1343 1682 1426 iniquitas.

133 1445 276 1508 carnales
291 1444 423 1509 delicias
438 1452 533 1527 atque
548 1444 688 1516 divitius,
704 1452 736 1508 et
751 1444 880 1507 mulier·
936 1443 1067 1527 Propter
1089 1445 1174 1527 quod
1198 1443 1311 1506 asserit
1332 1443 1529 1524 Augustinus
1553 1459 1560 1504 ε
1583 1441 1685 1505 Simu-

134 1544 214 1607 culis
240 1563 275 1607 se
298 1544 489 1626 adjungunt,
514 1562 585 1626 qum
609 1542 737 1605 lucilius
761 1542 880 1625 decipi·
937 1541 1000 1606 lata
1021 1542 1153 1624 equitas
1175 1560 1239 1605 non
1261 1549 1309 1604 est
1328 1541 1472 1623 equitas,
1492 1540 1548 1602 sed
1567 1539 1685 1624 duplex

133 1650 242 1717 untur,
267 1650 303 1704 ut
325 1648 562 1723 consequantur
586 1647 745 1723 praetacta.
767 1641 810 1704 lle
831 1640 881 1703 his
938 1641 1101 1724 iniquitas,
1117 1641 1193 1723 quia
1215 1649 1247 1704 et
1268 1639 1430 1704 simulatio
1450 1646 1551 1702 estet
1571 1637 1685 1722 iniqui·

134 1740 368 1804 infelicissimis
393 1740 569 1824 hypocritis
596 1740 641 1803 eit
666 1739 845 1802 bernardus
872 1757 879 1802 ε
937 1747 994 1803 tas.
1008 1740 1171 1814 Praeterea,
1182 1759 1281 1822 quum
1298 1739 1380 1802 [leus
1397 1739 1438 1802 sit
1451 1737 1581 1812 veritas,
1591 1756 1687 1819 quon-

134 1839 304 1921 llypocrita
318 1837 493 1920 singularia
508 1836 609 1918 magis
624 1845 656 1900 et
671 1837 822 1901 inusitata
834 1855 880 1900 εθ-
897 1837 920 1900 Β
937 1845 969 1900 to
983 1837 1105 1920 aliquid
1122 1837 1222 1919 magis
1238 1837 1363 1899 veritati
1380 1834 1602 1908 contrariatur,
1619 1842 1686 1897 tan-

133 1944 246 2010 ctatur,
272 1943 308 1998 ut
332 1936 469 2018 propriu
490 1934 696 2016 fragrantiam
719 1935 882 2016 opinionis
937 1943 969 2000 to
985 1935 1057 2019 plus
1072 1935 1222 2017 displicet
1236 1936 1352 2009 Deo,et
1365 1933 1543 2016 graviorem
1560 1933 1686 2016 culpem

133 2043 305 2118 respergat.
323 2034 422 2115 Cujus
437 2032 567 2096 allectio
582 2032 748 2114 elongatur
762 2051 781 2094 a
796 2031 883 2096 Chri·
936 2033 1076 2097 sortitur.
1093 2033 1276 2116 llypocrisis
1296 2041 1402 2096 autem
1424 2049 1524 2114 quum
1544 2031 1586 2094 sit
1599 2029 1685 2094 falsi·

132 2143 193 2207 sto,
214 2140 246 2195 et
267 2133 359 2196 venis
381 2131 546 2195 favoribus
568 2131 764 2210 delectatur3
788 2131 882 2213 cujus
936 2139 995 2208 tas,
1021 2139 1053 2194 et
1081 2130 1244 2194 simulatio
1272 2149 1308 2194 nc
1338 2129 1479 2213 palliatio
1504 2128 1684 2203 maledicta,

133 2251 236 2306 mens,
262 2249 326 2295 non
352 2231 536 2296 testimonio
561 2229 698 2315 proprie
720 2230 882 2294 conscien-
937 2230 1119 2313 specialiter
1134 2229 1344 2293 contrariatur
1363 2230 1426 2292 Deo
1440 2228 1538 2309 justo,
1555 2245 1630 2290 vero
1648 2245 1684 2289 ac

133 2329 196 2404 tiae,
218 2330 274 2393 sed
295 2329 532 2393 adulationihus
553 2327 762 2392 demulcetur.
936 2327 1089 2411 simplici,
1110 2335 1142 2390 et
1160 2326 1365 2409 singulariter
1384 2326 1534 2409 displicet
1552 2324 1591 2388 ei.
1612 2326 1683 2389 Pro-

174 2428 290 2502 Tertio,
306 2427 459 2510 quoniam
479 2425 619 2490 fructum
640 2427 831 2510 producunt,
850 2435 882 2490 et
937 2433 1008 2509 pter
1032 2426 1116 2508 quod
1141 2426 1368 2509 scriptumest
1392 2442 1399 2486 :
1423 2424 1629 2488 simulatores
1652 2432 1684 2487 θῖ
1710 2437 1831 2488 rosano,

134 2531 242 2587 tamen
265 2543 324 2587 usu
349 2523 473 2587 lructus
498 2543 532 2587 se
556 2523 692 2607 privant.
716 2525 880 2606 Siquidem
937 2523 1044 2586 callidi
1065 2531 1240 2606 provocant
1259 2522 1337 2586 iram
1358 2522 1425 2586 Dei.
1447 2522 1485 2584 Et
1505 2522 1620 2585 iterum
1639 2521 1684 2585 ait
1697 2505 1732 2545 ¹³‘

133 2640 231 2705 opera
252 2641 290 2686 cx
315 2641 374 2686 suo
394 2641 510 2704 genere
532 2621 615 2686 bona
639 2619 799 2696 eiliciunt,
822 2641 881 2686 nec
936 2621 1129 2705 Scriptura:
1152 2622 1204 2686 Ve
1226 2620 1385 2704 peccatori
1408 2627 1524 2684 terram
1548 2619 1683 2702 ingredi·
1697 2636 1832 2688 herenis.

132 2729 241 2784 tamen
255 2739 294 2783 ex
315 2720 394 2803 ipsis
412 2719 564 2802 operibus
583 2738 691 2782 veram
711 2719 880 2790 utilitatem
936 2719 1002 2782 enti
1018 2719 1142 2783 duabus
1157 2719 1228 2782 viis.
1246 2720 1334 2794 Quod
1350 2717 1524 2802 hypocritis
1540 2726 1571 2780 et
1585 2718 1685 2781 simu-

131 2821 248 2884 animae
271 2819 501 2901 adipiscuntur.
528 2817 597 2881 Non
627 2818 713 2880 enim
740 2837 779 2880 ex
803 2818 881 2902 ipsis
937 2817 1091 2881 latoribus
1118 2819 1256 2882 maxime
1285 2817 1450 2900 competit,
1475 2817 1552 2900 quia
1580 2824 1615 2879 ut
1640 2817 1685 2880 ait

131 2917 286 3000 operibus
306 2917 393 2980 intus
412 2923 577 2991 ornantur,
595 2935 653 2979 nec
672 2915 882 3000 spiritualiter
937 2915 1117 2997 Gregorius,
1148 2915 1272 2980 duabus
1303 2916 1363 2979 viis
1392 2923 1540 2999 peccator
1568 2923 1684 2978 terram

131 3015 349 3088 consolantur,
375 3032 434 3078 nec
461 3021 610 3078 crescunt
634 3015 666 3077 in
690 3016 801 3097 gratia,
825 3016 879 3078 sed
896 3013 918 3078 G
938 3015 1125 3095 ingreditur,
1140 3015 1269 3097 quando
1288 3021 1320 3077 et
1339 3014 1394 3076 liei
1415 3014 1567 3096 estquod
1589 3031 1684 3095 opere

130 3114 277 3197 quotidie
301 3112 440 3195 amplius
465 3112 684 3194 inquinantur,
708 3112 821 3176 ioetent
845 3132 881 3176 ac
937 3112 1077 3186 exhibet,
1094 3120 1126 3175 et
1144 3113 1254 3175 mundi
1275 3119 1324 3176 est
1344 3113 1428 3194 quod
1447 3130 1505 3194 per
1523 3111 1685 3192 cogitatio-

131 3215 336 3286 indurantur,
359 3211 485 3274 dicente
504 3210 654 3292 Gregorio
671 3229 678 3274 :
695 3212 801 3286 Qualis
823 3211 881 3274 im·
937 3229 1011 3273 nem
1032 3211 1155 3294 quaerit.

132 3311 247 3394 peritis
262 3318 395 3394 apparet
409 3309 584 3392 hypocrita,
596 3310 667 3372 talis
683 3309 751 3372 vult
764 3310 805 3372 ab
820 3328 883 3372 om·
976 3311 1111 3394 Insuper
1127 3327 1239 3391 magna
1254 3309 1385 3373 omnino
1399 3316 1447 3372 θεῖ
1462 3309 1575 3372 horum
1593 3309 1686 3372 mise·

130 3411 231 3474 nibus
245 3409 408 3484 estimari,
425 3417 456 3472 et
470 3409 610 3492 paratior
624 3417 672 3471 est
688 3409 767 3471 mori
786 3428 881 3492 quam
938 3412 995 3485 ria,
1012 3409 1129 3481 vilitas,
1146 3407 1430 3490 contemptibilitas
1445 3415 1541 3490 atque
1558 3408 1685 3470 damna-

130 3508 270 3593 corripi;
285 3515 381 3590 atque
395 3515 473 3590 quot
487 3506 573 3570 vitiis
589 3507 704 3589 plenus
718 3514 776 3580 est,
791 3508 882 3590 quasi
939 3509 993 3573 tio.
1015 3509 1180 3592 Siquidem
1204 3507 1295 3570 valde
1316 3505 1396 3569 viles
1418 3514 1494 3568 sunt
1511 3505 1684 3589 hypocritae

128 3616 176 3673 tot
197 3606 394 3670 stercoribus
418 3605 452 3669 in
471 3612 644 3688 conspectu
668 3605 777 3668 aeterni
796 3606 882 3669 Judi-
939 3607 991 3670 isti
1014 3613 1045 3668 et
1065 3604 1137 3668 lalsi
1162 3605 1335 3687 prophetae,
1351 3603 1552 3667 simulatores
1572 3611 1604 3666 et
1625 3603 1685 3667 cal-

128 3707 177 3768 cis
194 3704 293 3778 ioetet,
301 3703 436 3786 ejusque
452 3709 592 3766 mentem
607 3702 752 3766 diabolus
768 3703 882 3766 tacitus
939 3705 1007 3778 lidi,
1025 3705 1057 3766 in
1076 3703 1195 3785 quibus
1215 3703 1304 3766 nulle
1323 3710 1371 3766 est
1391 3721 1466 3765 vera
1485 3702 1602 3765 mentis
1621 3701 1684 3763 sin-

128 3812 227 3867 tenet
237 3803 362 3876 Quarto,
372 3801 447 3884 quia
462 3820 519 3884 per
533 3801 632 3864 solum
649 3819 830 3883 perversam
846 3821 882 3864 ac
939 3803 1064 3877 ceritas,
1076 3802 1166 3865 nulla
1180 3801 1320 3866 virtuosa
1335 3800 1535 3885 simplicitas,
1550 3800 1604 3862 sed
1619 3807 1684 3862 tam

127 3903 256 3965 fatuam
272 3900 495 3973 intentionem,
512 3917 575 3962 non
594 3899 696 3962 solum
718 3917 752 3962 se
768 3899 884 3982 spoliat
939 3919 1089 3984 perversa
1111 3900 1255 3974 intentio,
1277 3907 1341 3962 tam
1366 3899 1438 3962 vilis
1459 3898 1599 3973 allectio,
1620 3906 1684 3962 um

125 4001 238 4063 fructu
254 3997 405 4062 virtutum
421 4004 453 4059 θῖ
466 3996 575 4078 gratie
588 3995 883 4070 incrementoaeter-
938 4000 1035 4062 stulta
1055 4008 1087 4061 et
1108 3998 1319 4081 aspernabilis
1341 3998 1440 4062 fictio.
1462 3997 1541 4061 Nam
1563 4006 1594 4062 et
1616 4015 1685 4080 pro-

127 4117 239 4183 noque
268 4097 476 4160 beatitudinis
506 4097 649 4180 premio,
675 4096 730 4160 sed
751 4097 883 4178 insuper
939 4098 1008 4182 pria
1032 4097 1193 4180 hypocrisi
1216 4095 1406 4160 mirabiliter
1427 4095 1685 4159 lamentabiliter-

125 4205 321 4283 perpetuam
339 4196 400 4260 sibi
416 4195 652 4259 damnationem
670 4203 839 4269 mercatur,
851 4205 882 4258 et
898 4193 922 4256 D
938 4215 1001 4279 que
1016 4204 1185 4270 caecantur,
1202 4214 1261 4258 nec
1280 4197 1453 4259 caecitatem
1470 4214 1560 4258 suem
1576 4195 1684 4257 adver·

126 4316 246 4383 poenas
260 4295 392 4359 habebit
409 4295 615 4377 gravissimas
635 4313 671 4358 uc
687 4295 881 4378 praecipuam
938 4303 1019 4358 tunt.
1038 4296 1157 4359 ldciroo
1173 4295 1251 4358 dicit
1265 4295 1507 4378 chrysostomus
1524 4313 1531 4356 :
1549 4295 1573 4359 0
1588 4295 1685 4379 hypo

127 4399 162 4460 in
187 4395 301 4459 divino
321 4394 445 4476 judicio
465 4393 695 4457 contusionem.
720 4394 764 4458 lle
786 4395 883 4479 hypo
938 4395 1028 4468 crite,
1047 4395 1073 4456 si
1097 4395 1216 4457 bonum
1239 4401 1287 4456 est
1308 4393 1427 4456 bonurn
1451 4412 1531 4467 esse,
1554 4395 1684 4476 utquid

127 4497 213 4560 crita
230 4511 368 4576 namque
384 4493 417 4554 in
433 4491 515 4556 libro
529 4492 587 4556 lob
602 4493 640 4556 cd
656 4492 793 4556 litteram
809 4494 883 4556 scri·
939 4493 986 4556 vis
1001 4511 1153 4575 apparere
1170 4493 1253 4574 quod
1269 4508 1331 4555 uon
1348 4493 1396 4555 vis
1411 4496 1500 4555 esset
1516 4493 1548 4556 Si
1565 4493 1683 4556 malum

10 4618 34 4658 o
45 4624 110 4664 us.
128 4603 227 4678 ptum
246 4600 295 4655 est
311 4610 319 4654 :
336 4591 367 4655 Si
388 4592 568 4655 ascenderit
586 4611 686 4675 usque
706 4593 746 4655 ad
765 4593 882 4656 coelum
938 4599 987 4655 est
1002 4592 1120 4654 malum
1137 4609 1217 4664 esse,
1231 4598 1265 4652 ut
1279 4590 1356 4673 quid
1373 4590 1420 4654 vis
1435 4593 1605 4675 essequod
1621 4610 1684 4655 non

1 4684 83 4728 '¹⁸²⁷'
126 4691 287 4776 superbia
301 4691 384 4772 ejus,
401 4699 434 4755 et
448 4698 545 4773 caput
562 4689 632 4772 ejus
652 4690 753 4754 nubes
772 4692 882 4773 tetige-
938 4692 987 4754 vis
1002 4693 1177 4773 appareret
1193 4690 1225 4753 Si
1243 4688 1364 4752 bonum
1384 4698 1432 4754 est
1451 4691 1571 4754 bonum
1590 4711 1685 4775 appa-

127 4793 183 4866 rit,
202 4789 296 4874 quasi
317 4789 555 4873 sterquilinium
579 4790 610 4851 in
633 4788 700 4852 line
719 4790 880 4871 perdetur,
938 4809 1018 4862 rere,
1044 4789 1159 4852 melius
1180 4796 1228 4851 est
1251 4789 1370 4851 bouum
1396 4807 1486 4868 essc;
1511 4790 1538 4852 si
1564 4789 1683 4852 malurn

126 4889 269 4954 transiet
297 4889 388 4970 quasi
417 4887 499 4950 visio
524 4895 697 4966 nocturna;
724 4887 790 4950 luet
811 4907 882 4970 quos
938 4896 986 4952 est
1004 4887 1122 4950 malum
1137 4906 1301 4970 apparere,
1318 4888 1411 4970 pejus
1431 4896 1480 4950 est
1500 4888 1619 4950 malum
1637 4908 1684 4951 es-

125 4987 209 5052 lecit
226 4986 345 5059 omnis,
360 5003 419 5048 nec
434 4992 541 5048 umen
557 4993 777 5065 consumetur;
792 4986 883 5068 juxte
938 5006 980 5050 εθ.
993 4988 1056 5049 Aut
1070 5004 1145 5068 ergo
1159 5005 1276 5069 appare
1290 4987 1375 5068 quod
1392 5005 1437 5060 es,
1448 4994 1503 5048 aut
1517 4993 1585 5049 esto
1600 4988 1684 5070 quod

125 5083 376 5150 multitudinem
396 5083 659 5146 adinventionum
678 5103 819 5158 suarum,
836 5085 882 5147 sic
937 5103 1081 5167 appares.

124 5192 158 5248 et
174 5181 372 5261 sustinebit;
388 5180 577 5246 revelabunt
592 5182 662 5246 coeli
680 5181 881 5264 iniquitatem
985 5183 1141 5264 Deinceps
1161 5183 1339 5266 hypocrisis
1360 5183 1420 5246 ista
1444 5183 1624 5267 periculose
1638 5192 1686 5248 est

122 5283 214 5366 ejus,
231 5289 264 5344 et
278 5289 361 5344 terra
376 5280 528 5344 adversus
544 5299 617 5343 eum
634 5288 813 5361 consurget.
832 5280 881 5343 Et·
938 5279 1029 5344 valde
1049 5289 1114 5342 tam
1135 5280 1195 5362 ipsi
1216 5281 1400 5363 hypocrite,
1417 5281 1493 5363 quia
1511 5281 1685 5364 unicuique
