4164 6258
391 523 538 574 commea
560 525 580 570 v
600 523 674 571 rosr
694 523 889 572 murram.
909 541 950 556 -
970 523 1145 572 mimano
1166 523 1198 571 ut
1219 523 1414 572 maresuari
1618 503 1680 569 235

121 693 151 758 ei
174 695 389 760 reverentiam
412 691 592 759 exhibebat.
608 693 732 778 Nempe
753 702 785 758 et
803 701 876 758 ante
890 692 915 757 t
931 713 965 760 se
980 693 1138 759 fatebatur
1153 694 1388 776 indignum3ita
1402 695 1476 758 dum
1494 692 1681 776 praedicator

123 794 319 858 miraculum
337 794 420 858 istud
436 794 570 858 credidit
585 795 690 856 lesum
704 811 774 858 esse
790 793 876 858 Chri·
931 793 1085 878 quosdam
1101 800 1157 857 aut
1171 793 1289 857 multos
1303 793 1506 868 converterit,
1517 799 1619 856 totum
1636 791 1681 855 di·

122 895 360 975 stum,quaudo
373 893 524 956 videlicet
538 892 678 956 Andreas
692 893 790 956 frater
804 891 875 975 ejus
931 893 1013 955 vium
1028 891 1181 955 attribuat
1195 893 1317 975 pietati,
1329 900 1362 956 et
1374 892 1490 973 gratias
1505 891 1570 954 Deo
1584 909 1680 972 agens

20 1011 80 1039 aare·
94 1010 109 1048 ¹·
122 991 207 1053 dixit
225 992 265 1054 ad
285 1010 371 1066 eum,
388 991 572 1056 invenimus
591 991 736 1054 idessiam
756 991 811 1073 qui
830 989 876 1052 di·
931 991 1110 1054 nullatenus
1123 991 1368 1064 extollatur,imo
1382 1009 1415 1053 se
1429 989 1680 1072 indignissimum

13 1091 18 1110 '
49 1091 54 1102 '
123 1090 211 1152 citur
225 1089 381 1164 Christus,
397 1097 428 1153 et
447 1090 539 1153 duxit
557 1090 687 1152 eumad
704 1089 823 1164 Jesum,
840 1095 876 1151 ut
931 1089 1105 1152 arbitretur
1119 1096 1156 1152 ut
1170 1107 1227 1172 per
1242 1107 1315 1152 eum
1337 1089 1474 1172 Spiritus
1489 1089 1622 1152 Sanctus
1637 1096 1680 1149 ta·

121 1191 261 1253 loannes
281 1189 350 1252 ait:
367 1189 452 1252 unde
471 1190 542 1252 viso
562 1187 716 1252 miraculo
735 1188 806 1260 isto,
823 1208 876 1251 au·
932 1187 974 1249 lia
995 1195 1156 1270 operetur,
1174 1195 1204 1250 et
1225 1188 1361 1250 Domino
1379 1206 1413 1251 se
1429 1194 1615 1270 prostomat.
1633 1186 1678 1248 Ex

121 1295 175 1350 cta
196 1287 258 1350 fuit
277 1287 310 1350 in
332 1305 370 1351 ao
392 1288 459 1350 baec
480 1287 572 1350 fides.
590 1289 660 1349 lici
680 1307 700 1347 a
719 1307 781 1357 me,
796 1289 875 1366 quia
931 1285 981 1348 his
996 1303 1124 1368 quoquc
1144 1287 1322 1349 ostenditur
1341 1285 1526 1367 magnitudo
1541 1283 1679 1347 devotio

122 1388 219 1447 homo
230 1395 381 1462 peccator
395 1407 480 1457 sum,
495 1387 644 1456 Domine,
661 1385 720 1448 boc
740 1394 799 1460 est,
815 1385 875 1448 tibi
932 1384 982 1446 uis
1004 1384 1202 1466 fervorisque
1224 1385 1318 1458 Petri,
1336 1385 1420 1466 quod
1443 1385 1511 1466 ipse
1534 1382 1620 1446 solus
1639 1383 1678 1444 ad

120 1492 190 1546 tam
212 1485 345 1566 potenti,
363 1501 478 1566 magno
493 1491 525 1547 et
546 1492 656 1546 sancto
674 1502 732 1564 ego
750 1491 813 1546 tam
829 1483 876 1545 vi·
929 1501 1034 1563 genua
1054 1483 1175 1545 corruit
1189 1483 1317 1558 Christi,
1334 1501 1435 1565 quum
1451 1489 1556 1544 umen
1573 1481 1679 1544 senior

122 1581 164 1644 lis
185 1589 217 1644 et
236 1581 359 1663 fragilis
378 1583 532 1644 adsistere
550 1599 621 1643 sum
643 1581 802 1663 indiguus.
820 1581 876 1644 lta·
930 1589 1022 1643 essct.
1040 1583 1205 1644 Similiter
1226 1591 1332 1642 eutem
1355 1584 1508 1644 Iacobum
1530 1590 1560 1642 et
1582 1583 1678 1641 soon-

122 1699 188 1762 que
214 1699 253 1742 ex
277 1679 496 1762 magnitudine
522 1679 704 1743 miraculosi
727 1679 874 1752 effectum
930 1699 1016 1749 rtem,
1030 1681 1117 1756 filios
1133 1681 1289 1748 Zebedoet',
1301 1683 1360 1759 qui
1374 1689 1469 1739 erant
1484 1680 1564 1738 socii
1577 1679 1679 1740 Simo·

121 1778 325 1858 majestatem
346 1796 460 1851 cause,
482 1777 632 1840 videlicet
653 1777 874 1840 excellentiam
930 1781 983 1838 m's
998 1778 1029 1839 in
1052 1777 1215 1860 piscando,
1232 1777 1443 1840 circumdedit
1461 1785 1580 1858 stupor.
1598 1775 1678 1838 Con·

121 1875 255 1949 Christi,
279 1875 444 1958 pensavit;
464 1882 496 1937 et
519 1875 594 1958 quia
618 1875 763 1958 opposita
784 1874 875 1954 juxta
891 1875 914 1938 B
931 1876 1076 1939 formiter
1095 1893 1223 1938 omnem
1246 1875 1409 1938 hominem
1430 1881 1541 1957 stupor
1562 1875 1677 1937 merito

121 1992 157 2036 se
181 1975 285 2056 posita
309 1973 426 2036 clarius
450 1974 664 2046 innotescunt,
681 1991 745 2056 quo
765 1973 874 2036 Petrus
931 1975 1054 2057 implet,
1071 1975 1198 2057 quando
1218 1973 1379 2036 subtiliter
1397 1981 1510 2056 pensat
1528 1992 1547 2035 a
1566 1973 1676 2056 paucis

121 2071 244 2134 Christi
275 2071 426 2134 virtutem
459 2071 746 2154 excellentiamque
775 2072 875 2153 magis
929 2073 1044 2136 Christi
1070 2071 1228 2154 Apostolis
1253 2072 1358 2136 idiotis
1387 2079 1489 2134 toturn
1519 2072 1823 2142 mundumaemcva.

121 2169 349 2244 consideravit,
376 2188 414 2233 eo
439 2170 600 2253 propriam
627 2170 815 2251 parvitatem
838 2187 875 2232 ac
928 2178 991 2234 tam
1010 2170 1156 2234 celeriter
1170 2169 1270 2232 fuisse
1290 2187 1478 2232 conversum
1494 2171 1533 2232 ad
1549 2177 1613 2233 tarn
1630 2171 1675 2232 iu·

121 2267 331 2350 fragilitatem
361 2267 540 2332 evidentius
571 2267 737 2340 intellexit,
768 2267 874 2330 humi·
929 2267 1253 2351 comprehensibilem
1275 2269 1430 2332 fideman
1452 2268 1674 2332 arduissimam

121 2366 253 2449 liusque
267 2367 434 2449 expressit.
452 2367 540 2429 Unde
555 2365 715 2429 Christum
736 2384 754 2427 a
773 2385 807 2428 se
822 2383 874 2428 ex·
929 2368 1043 2449 legem,
1060 2367 1145 2450 quod
1165 2367 1252 2430 omni
1272 2386 1353 2450 pene
1374 2367 1529 2431 miraculo
1547 2367 1675 2430 mirabi-

121 2464 171 2526 ire
188 2465 322 2546 rogavit,
339 2481 403 2528 non
420 2465 482 2527 nisi
498 2483 537 2526 ex
553 2463 802 2548 profundissima
817 2465 874 2526 hu·
930 2465 991 2528 lius
1007 2473 1173 2547 reputatur
1190 2482 1196 2527 :
1215 2465 1246 2526 iu
1267 2483 1331 2547 quo
1346 2473 1378 2527 ct
1393 2465 1475 2528 facta
1489 2465 1566 2529 olim
1584 2465 1676 2528 mira-

121 2563 276 2642 militate;
288 2562 487 2645 spiritualem
502 2579 577 2626 vero
589 2563 660 2644 ejus
672 2563 874 2644 presentiam
929 2563 1165 2644 cula,tanquam
1183 2563 1214 2624 in
1231 2581 1289 2626 suo
1303 2562 1421 2626 ellectu
1436 2563 1512 2626 satis
1528 2563 1675 2626 relucent

121 2667 155 2722 et
171 2661 342 2742 gratiosam
358 2660 575 2724 adsistentiam
590 2660 682 2724 valde
697 2661 826 2742 optavit.
837 2661 875 2723 Et
929 2661 1016 2724 Unde
1031 2679 1089 2722 nec
1105 2679 1185 2744 opus
1201 2669 1249 2724 est
1263 2681 1300 2724 ea
1315 2662 1431 2744 sapius
1447 2661 1564 2736 iterari,
1577 2680 1675 2744 quau-

1 2792 9 2818 ι
50 2793 74 2820 ‚r
121 2759 307 2822 centurioni
332 2759 449 2822 similis
473 2758 536 2822 fuit
559 2759 676 2822 dicenti
700 2777 707 2822 :
729 2760 872 2833 Domine,
928 2778 1023 2842 quam
1049 2759 1132 2822 Deus
1161 2779 1200 2824 ex
1225 2780 1282 2823 sua
1306 2761 1524 2824 misericordia
1549 2761 1676 2824 infinita

120 2877 189 2920 non
221 2877 294 2920 sum
325 2858 441 2940 dignus
471 2865 506 2921 ut
534 2858 633 2920 intres
664 2857 724 2920 sub
754 2865 873 2921 tectum
929 2857 1113 2940 frequenter
1133 2858 1259 2922 iteravit
1278 2859 1380 2933 ea‚ad
1401 2859 1600 2922 excitandam
1620 2859 1675 2922 bo·

120 2975 246 3030 meum,
272 2963 331 3018 etc.
359 2955 480 3020 Similis
510 2973 637 3039 quoque
666 2955 727 3018 fuit
756 2974 873 3038 sponso
929 2957 1051 3018 minum
1076 2957 1267 3032 tarditatem,
1284 2958 1338 3039 qui
1363 2957 1522 3040 praeterita
1541 2975 1603 3020 non
1623 2959 1675 3020 ad-

117 3053 264 3136 Virginis
278 3053 434 3136 gloriose,
446 3055 500 3137 qui
517 3055 619 3118 voluit
633 3073 702 3118 cam
720 3073 758 3117 ex
773 3055 871 3118 simili
887 3052 909 3117 C
929 3062 1066 3130 vertunt,
1090 3073 1148 3118 nec
1171 3055 1405 3119 inchoationem
1430 3074 1466 3118 ac
1491 3073 1675 3138 processum

116 3170 217 3214 causa
242 3151 435 3234 relinquere,
462 3160 613 3234 tanquam
638 3153 872 3217 cohabitatione
926 3153 1076 3216 Ecclesiae
1091 3153 1246 3234 sagaciter
1260 3153 1533 3236 intuentur,atque
1547 3153 1586 3216 ad
1602 3171 1675 3217 cou-

116 3251 210 3314 illius
236 3251 399 3333 indiguus,
419 3251 595 3314 secundum
619 3251 774 3334 quosdam
798 3253 872 3316 San·
925 3251 1091 3314 fetandam
1107 3251 1328 3314 hereticorum
1346 3251 1593 3336 infideliumque
1607 3253 1673 3315 aui·

115 3357 257 3414 ctorurn
276 3350 319 3412 De
335 3349 493 3432 spirituali
509 3367 585 3414 vero
599 3358 631 3412 et
644 3350 780 3432 gratiosa
795 3371 872 3433 prac-
927 3367 1050 3412 morum
1074 3349 1239 3412 insaniam.

113 3447 225 3510 sentia
240 3465 368 3530 semper
382 3447 519 3530 optanda
534 3447 611 3510 dicit
627 3449 796 3530 Gregorius
813 3467 820 3512 :
838 3451 869 3513 Si
966 3451 1008 3510 ltt
1028 3450 1077 3509 ott
1095 3451 1139 3508 ad
1157 3450 1323 3508 Simonem
1343 3451 1446 3510 Iesus.
1464 3449 1672 3523 Quemadmo-

113 3554 149 3608 te
168 3553 370 3628 peccatorem
385 3547 578 3621 consideras,
595 3563 725 3610 necesse
741 3553 870 3610 astuta
924 3547 1000 3609 dum
1016 3546 1103 3608 enim
1120 3546 1281 3609 Christum
1297 3547 1478 3628 specialiter
1493 3548 1671 3623 honoravit,

114 3651 150 3706 te
176 3645 348 3708 Dominum
371 3661 435 3708 nou
457 3644 602 3728 repellas.
924 3652 955 3707 et
981 3644 1136 3706 humilius
1165 3644 1194 3706 ei
1218 3663 1322 3726 genua
1351 3643 1453 3719 flexit,
1480 3646 1525 3708 sic
1556 3649 1672 3710 meruit

166 3745 294 3819 Stupor
323 3745 409 3802 erra'm
439 3744 701 3803 circumdederat
729 3764 815 3814 eum,
839 3753 869 3804 et
923 3743 1128 3824 singulariter
1146 3742 1302 3806 consolari
1324 3752 1355 3806 et
1374 3744 1521 3808 honorari
1544 3765 1562 3808 a
1586 3745 1672 3810 Chri-

110 3843 303 3920 omnesqui
322 3861 396 3902 carm
416 3843 474 3902 illo
488 3851 596 3912 erant,
612 3843 647 3902 tn
668 3851 806 3918 captura
817 3845 869 3918 pt·
923 3850 972 3904 sto
983 3859 989 3903 :
999 3840 1151 3923 quoniam
1167 3859 1221 3904 cor
1235 3841 1408 3905 contritum
1423 3849 1454 3906 et
1468 3843 1670 3907 humiliatum
1698 3860 1737 3904 ra.
1747 3875 1765 3912 r,
1776 3861 1808 3902 o.

109 3941 224 4000 scium
248 3959 346 4018 quam
370 3949 536 4016 ceperant,
561 3939 591 4002 id
616 3947 675 4014 est,
697 3940 869 4003 vehemens
924 3939 1007 4002 Deus
1030 3955 1093 4002 non
1116 3939 1263 4021 despicit,
1280 3940 1335 4002 sed
1357 3941 1522 4016 exhilarat,
1543 3951 1575 4004 et
1597 3961 1670 4006 cou-

108 4037 287 4100 admiratio
312 4037 483 4120 occupavit
507 4036 646 4100 totaliter
667 4039 762 4101 corda
786 4039 868 4101 Petri
924 4037 1027 4099 fortat.
1058 4037 1145 4100 Unde
1174 4045 1205 4100 et
1234 4038 1338 4119 primo
1366 4039 1486 4121 Regum
1517 4041 1670 4104 Dominus

108 4145 144 4200 et
162 4135 324 4198 sociorum
342 4135 455 4218 ipsius,
467 4155 506 4198 ex
522 4136 774 4201 consideratione
789 4136 868 4198 tanti
925 4143 1117 4217 protestatur
1129 4152 1136 4198 :
1149 4135 1347 4218 Quicumque
1364 4137 1593 4218 glorificaverit
1607 4159 1668 4214 mc,
1686 4159 1817 4214 inopum.

108 4233 255 4318 prodigii
273 4251 280 4296 ι
298 4233 391 4315 cujus
407 4233 686 4298 admirabilitatem
702 4241 789 4297 tanto
805 4253 868 4297 cer·
884 4238 910 4301 h
924 4233 1112 4315 glorificabo
1136 4252 1229 4313 eum;
1253 4235 1308 4316 qui
1331 4243 1439 4298 autem
1463 4245 1672 4302 contemnunt

107 4335 182 4396 tius
211 4338 375 4407 noverant,
402 4339 521 4415 quanto
546 4331 579 4394 in
608 4341 675 4396 arte
699 4333 869 4416 piscatoria
926 4341 1098 4406 mearunt
1122 4332 1288 4414 ignobiles.
1306 4335 1386 4396 Noti
1408 4337 1534 4407 timere,
1556 4337 1672 4401 inordi-

107 4429 286 4514 peritiores
301 4427 441 4492 fuerunt.
449 4430 481 4494 Si
497 4439 603 4494 autem
619 4439 869 4514 quaeraturque-
924 4439 997 4494 nato
1012 4431 1137 4504 timore,
1154 4451 1193 4494 ex
1209 4431 1461 4496 consideratione
1476 4441 1538 4498 tuae
1554 4434 1671 4518 fragili-

105 4529 190 4592 liter
200 4535 248 4592 tot
260 4529 365 4611 pisces
380 4528 425 4592 ibi
441 4535 505 4592 tam
518 4529 626 4592 subito
641 4538 867 4603 convenerunt,
923 4531 996 4592 tatis
1017 4537 1048 4592 et
1069 4531 1182 4612 culpae,
1199 4549 1237 4593 ex
1258 4531 1526 4614 contemplatione
1545 4554 1672 4618 quoquc

104 4627 253 4691 faciliter
269 4627 489 4709 respondetur,
506 4627 590 4710 quod
607 4627 751 4691 Christus
765 4628 868 4692 omni·
923 4630 1005 4711 sigui
1031 4629 1127 4710 hujus
1152 4636 1185 4693 et
1209 4630 1406 4696 excellentie
1431 4651 1520 4706 meae,
1542 4643 1578 4696 ut
1602 4635 1673 4698 idco

104 4725 238 4811 potenti
254 4745 310 4789 sua
327 4727 455 4800 virtute,
471 4727 616 4809 angelico
631 4745 759 4809 quoque
779 4726 868 4790 obse·
923 4735 1013 4810 petas
1030 4746 1080 4790 me
1096 4728 1182 4790 exire
1197 4747 1215 4790 a
1231 4735 1279 4808 te3
1296 4729 1350 4792 sed
1368 4730 1400 4792 in
1420 4731 1672 4797 consideratione

104 4825 203 4909 quio,
229 4824 332 4907 potuit
353 4824 457 4907 pisces
478 4825 613 4888 diversis
633 4845 672 4888 ex
692 4826 770 4889 locis
791 4827 867 4889 illuc
923 4826 1051 4908 pietatis
1073 4834 1105 4889 et
1126 4827 1234 4908 gratie
1258 4847 1335 4892 mcae
1360 4829 1481 4911 respira
1505 4840 1537 4893 et
1559 4833 1670 4913 gaude.

103 4921 430 4996 citoadducere,imo
442 4930 474 4986 ct
486 4923 590 5006 pisces
603 4924 642 4986 de
655 4942 738 4987 noro
750 4943 865 4988 creare.
922 4925 986 4987 Hoc
1007 4925 1103 4988 etiam
1122 4925 1273 4989 omnibus
1294 4926 1386 4989 nobis
1406 4931 1597 4992 servandum
1613 4941 1669 4994 est.

152 5023 320 5096 Praeterea,
344 5021 428 5084 sicut
452 5021 562 5085 Petrus
586 5022 656 5086 viso
680 5023 740 5086 hoc
764 5023 866 5105 signo,
922 5026 976 5085 Ee
1001 5025 1058 5083 hoc
1081 5025 1181 5093 enim,
1201 5024 1261 5086 hoc
1288 5033 1335 5087 est
1361 5025 1424 5089 cito
1448 5036 1520 5108 post
1544 5037 1672 5112 tempus

104 5121 160 5184 nil
178 5119 302 5182 meritis
322 5120 390 5182 suis
409 5119 589 5202 adscripsit,
608 5140 711 5204 neque
731 5121 868 5184 inaniter
923 5122 1017 5196 istud,
1035 5121 1085 5184 vel
1102 5129 1172 5204 post
1189 5123 1273 5185 istud
1295 5124 1480 5206 piscationis
1500 5127 1669 5208 officium;

103 5218 269 5302 gloriatus
288 5224 347 5293 est,
369 5217 425 5280 sed
445 5225 547 5280 toturn
570 5237 604 5282 se
621 5219 815 5294 humiliavit,
836 5228 868 5282 et
921 5229 976 5283 aut
995 5229 1090 5294 certe,
1110 5241 1181 5284 sex
1201 5222 1261 5285 hoc
1277 5244 1306 5296 a,
1324 5223 1355 5284 id
1376 5231 1423 5286 est
1444 5225 1557 5288 merito
1572 5226 1669 5306 hujus

102 5315 240 5381 Christo
254 5316 370 5402 gratias
385 5315 564 5399 agitatque
581 5316 681 5400 ipsius
698 5319 866 5400 praesentia
921 5317 1111 5383 obedientia
1132 5327 1193 5384 tuae
1214 5339 1251 5384 ac
1276 5321 1460 5386 reverentie
1484 5323 1563 5385 mihi
1583 5323 1669 5386 exhi·
