4192 6258
480 529 628 578 nouimus
648 531 690 576 XX
711 531 784 578 eost
804 529 999 578 tumtunm.
1019 549 1059 560 ·-
1081 531 1180 580 emo
1200 531 1324 580 marrus

660 944 853 1033 SERMO
893 946 1141 1034 TERTIUS

361 1213 400 1258 DE
422 1211 639 1258 mantuanus
661 1211 866 1258 ranuluuhuul
886 1211 929 1259 AD
950 1212 1145 1259 Sl’llll'l'UALllS
1166 1213 1295 1261 aurulas
1317 1212 1445 1260 GHlllS'l'l.

186 1496 341 1556 IGATIS
355 1495 506 1554 monibus
521 1503 551 1553 et
562 1495 701 1570 pedibus
715 1495 876 1572 ejus,pro-
889 1496 915 1559 Α
930 1493 1021 1557 vitati
1037 1493 1201 1568 diuinitus,
1218 1494 1389 1558 uoluerunt
1404 1492 1524 1570 venire,
1540 1493 1679 1558 carnalia

199 1593 299 1670 jicitc
327 1612 400 1652 eum
431 1593 468 1651 in
498 1593 646 1652 tenebras
673 1593 876 1661 celeriorem
930 1592 1678 1675 spiritualibustemporalia,vauaaoviliaspi·

125 1693 176 1750 ibt
196 1692 262 1751 erit
280 1692 378 1768 fletus
396 1699 427 1750 ct
447 1691 572 1752 stridor
590 1692 749 1752 dentium.
766 1690 872 1752 Matlh.
930 1690 1100 1754 ritualibus
1116 1699 1149 1754 et
1162 1692 1299 1765 eternis,
1314 1692 1380 1755 imo
1395 1699 1572 1755 creaturam
1589 1691 1679 1756 Crea-

124 1808 204 1862 xxn,
222 1788 268 1852 13.
930 1789 991 1852 tori
1017 1789 1279 1872 insipientissime
1303 1809 1340 1853 ac
1364 1790 1575 1872 injustissime
1600 1809 1678 1874 pre-

168 1889 203 1950 ln
226 1887 380 1950 hodierno
401 1886 566 1969 evangelio
587 1888 758 1949 edocemur
780 1905 876 1968 quam
932 1887 1080 1950 ferentes.
1100 1889 1143 1951 De
1166 1887 1283 1970 quibus
1303 1889 1335 1950 in
1356 1888 1503 1951 Zacharia
1521 1889 1676 1971 scriptum

126 1986 493 2068 incomprehensibiliter
509 2003 621 2066 magna
635 1987 677 2048 sit
692 1985 878 2058 caritasmi-
932 1995 980 2050 est
1006 2004 1012 2048 :
1038 1986 1216 2050 Noluerunt
1241 1987 1415 2062 attendere,
1441 1995 1473 2050 et
1495 1994 1680 2050 averterunt
1705 2006 1824 2060 rata,

127 2085 301 2148 sericordia
325 2103 361 2146 ae
386 2083 610 2146 munificentia
633 2084 689 2147 Dei
713 2084 753 2146 ad
776 2083 878 2146 homi·
932 2085 1078 2167 scapulas
1100 2085 1296 2159 recedentes,
1317 2093 1349 2148 et
1367 2105 1459 2149 sums
1479 2103 1551 2149 suas
1571 2103 1677 2168 aggra·
1694 2075 1771 2122 ⁰¹¹²·

128 2202 198 2257 nes,
214 2190 247 2245 et
267 2183 343 2245 item
364 2201 460 2264 quam
481 2181 689 2246 ineffabiliter
704 2200 818 2264 magna
837 2182 879 2244 sit
932 2185 1145 2246 vavemnt'ne
1166 2183 1314 2246 audirent
1335 2183 1447 2265 legem.

128 2283 300 2346 hominum
322 2280 526 2363 negligentia,
549 2281 751 2363 perversitas,
777 2281 878 2362 ingra-
972 2282 1125 2346 Praeterea
1140 2283 1173 2344 in
1192 2282 1358 2364 evangelio
1376 2282 1530 2346 hodierno
1545 2291 1679 2364 tangun-

128 2381 243 2444 titudo.
276 2381 357 2442 Eece
386 2380 474 2442 enim
503 2380 586 2442 Deus
615 2380 817 2462 omnipotens
846 2389 879 2443 et
934 2387 985 2443 tur
1000 2381 1144 2463 quaedam
1161 2381 1311 2464 specialia
1327 2380 1557 2463 impedimenta
1572 2401 1682 2464 perve-

9 2509 65 2543 m.
77 2499 111 2544 aa,
128 2487 279 2552 aeternua,
295 2495 359 2541 non
375 2478 478 2541 solum
493 2478 533 2540 ad
548 2497 637 2542 suam
654 2479 825 2560 imaginem
842 2497 878 2540 ae
934 2479 1043 2542 niendi
1063 2479 1101 2542 ad
1122 2479 1305 2561 spirituales
1326 2479 1454 2562 nuptias
1475 2498 1513 2542 ac
1534 2480 1680 2544 salutem

9 2589 11 2598 ·
128 2577 376 2640 similitudinem
401 2593 460 2640 nos
484 2577 614 2651 creavit,
638 2577 693 2640 sed
718 2577 878 2640 etiamad
933 2578 1040 2642 Primo
1053 2579 1173 2641 etenim
1188 2578 1414 2660 dicitur,quod
1429 2577 1581 2641 nolebant
1595 2579 1682 2642 veni-

130 2675 407 2758 supernaturalem
422 2673 748 2757 beatitudinemque
765 2682 814 2737 est
828 2676 876 2738 sui
892 2676 916 2738 ll
935 2694 992 2756 re3
1017 2676 1169 2750 secundo,
1201 2676 1285 2758 quod
1316 2677 1525 2757 neglexerunt
1552 2677 1682 2757 venire3

130 2773 233 2856 ipsius
254 2773 349 2848 clara,
367 2773 549 2836 immediate
568 2791 604 2836 ac
623 2772 879 2854 lruitivaeogni-
934 2775 1038 2849 tertio,
1070 2775 1154 2856 quod
1184 2774 1332 2838 abierunt
1364 2773 1396 2835 in
1426 2773 1535 2836 villam
1567 2793 1682 2854 suam3

9 2893 113 2945 tranis,
127 2873 187 2945 tio,
203 2871 354 2934 condidit.
372 2872 472 2945 Quam
492 2890 592 2952 quum
615 2871 712 2953 primi
731 2879 878 2953 parentes
934 2880 1057 2956 quarto,
1083 2872 1168 2956 quod
1196 2871 1344 2935 abierunt
1373 2872 1406 2933 in
1436 2872 1683 2952 negotiationem

9 2986 12 2996 ¹
129 2970 193 3033 sibi
209 2971 287 3053 ipsis
303 2977 335 3032 et
354 2970 446 3032 uobis
465 2969 616 3033 omnibus
633 2970 876 3044 demeruissent,
934 2970 1558 3053 suam3quinto,quodquidameorum
1574 2978 1683 3036 tenue-

128 3071 281 3132 misertus
305 3076 353 3146 est
377 3069 460 3131 Deus
483 3068 679 3144 hominihus,
706 3075 738 3132 et
762 3069 877 3131 Filium
934 3077 1008 3131 runt
1031 3069 1193 3131 ministros
1215 3069 1309 3150 regis,
1326 3074 1358 3131 et
1378 3068 1581 3132 contumeliis
1606 3068 1682 3132 alle

128 3186 224 3230 suum
250 3184 307 3249 pro
331 3167 443 3230 muudi
469 3168 688 3249 redemptione
716 3185 752 3228 ae
776 3167 877 3229 salute
934 3175 1000 3231 ctos
1021 3167 1259 3230 interfecerunt.

128 3265 362 3328 incarnandum
384 3264 530 3347 predixit
545 3283 583 3326 ac
603 3265 803 3328 moriturum.
822 3267 878 3328 lle·
973 3266 1115 3329 Primum
1135 3284 1210 3347 ergo
1229 3265 1496 3348 impedimentum
1517 3266 1626 3348 gratim
1645 3286 1681 3329 ae

128 3365 205 3428 inde
221 3382 278 3446 per
292 3363 439 3426 homines
455 3362 572 3426 electos
588 3372 619 3426 et
638 3371 774 3437 sanctos,
790 3363 877 3426 vide·
933 3365 1055 3438 salutis,
1072 3372 1121 3427 est
1134 3365 1219 3427 nolle
1235 3364 1388 3438 converti,
1400 3365 1485 3426 nolle
1500 3365 1681 3447 acquiesce-

128 3464 207 3526 licet
235 3462 406 3544 Prophetas
434 3481 471 3523 ac
499 3462 704 3538 Patriarchas,
731 3463 878 3526 invitavit
934 3483 978 3537 re,
1000 3462 1084 3526 nolle
1108 3462 1203 3525 subdi
1227 3481 1262 3526 ae
1286 3462 1425 3526 obedire.
1442 3464 1500 3526 Per
1524 3464 1602 3528 istos
1626 3464 1682 3546 qui

127 3560 277 3624 homines
296 3560 335 3623 ad
355 3559 501 3634 salutem,
518 3561 558 3623 ad
577 3561 705 3642 nuptias
728 3561 876 3641 spiritua·
932 3563 1043 3626 venire
1059 3563 1240 3636 noluerunt,
1257 3562 1464 3643 designantur
1479 3562 1619 3626 universi
1636 3563 1684 3624 in-

127 3660 187 3734 les,
218 3659 258 3723 ad
287 3659 543 3721 emendationem
575 3664 607 3720 et
635 3658 876 3721 conversionem
933 3661 1084 3735 timorati,
1098 3661 1152 3742 qui
1169 3661 1207 3722 de
1222 3679 1279 3722 sua
1294 3660 1396 3722 salute
1410 3677 1474 3724 non
1490 3668 1613 3736 curant,
1622 3679 1684 3723 nec

128 3765 341 3831 constantem,
358 3757 399 3819 ad
420 3754 519 3820 iidem
542 3756 769 3838 caritatemque
790 3754 877 3819 Chri·
933 3758 1019 3822 aliud
1042 3758 1161 3822 habent
1185 3759 1451 3841 impedimentum
1473 3758 1555 3824 bene
1574 3761 1683 3824 viven-

127 3857 168 3920 sti
196 3856 313 3938 :quod
337 3855 377 3918 ab
399 3854 491 3918 initio
516 3855 628 3917 mundi
651 3854 757 3918 lacere
780 3855 878 3937 coepit
895 3858 916 3922 C
933 3859 977 3932 di,
1002 3857 1065 3920 nisi
1095 3857 1170 3939 quia
1195 3874 1258 3920 non
1284 3857 1415 3936 volunt3
1441 3857 1496 3920 sed
1525 3858 1682 3941 quidquid

127 3974 187 4038 per
211 3955 311 4017 Adam
341 3959 413 4035 post
436 3972 527 4015 suam
552 3953 819 4027 emendationem,
845 3961 878 4016 et
933 3957 1124 4039 praedicetur
1148 3956 1193 4019 eis
1218 3958 1257 4020 de
1282 3957 1338 4020 Dei
1366 3957 1491 4031 timore,
1517 3956 1557 4020 de
1580 3957 1682 4020 divini

125 4053 216 4126 Seth,
234 4051 353 4126 Enoch,
370 4051 435 4114 Noe
454 4060 486 4114 et
505 4051 583 4115 alios
606 4052 732 4115 multos.
751 4052 877 4135 Specie·
930 4055 1044 4136 judieii
1060 4055 1174 4137 rigore,
1188 4056 1227 4117 de
1242 4056 1346 4137 poenis
1361 4056 1487 4119 eternis
1503 4056 1681 4138 ceterisque

126 4153 203 4214 liter
218 4159 323 4213 autem
340 4150 372 4212 in
389 4151 488 4212 veteri
504 4151 783 4233 Testamento,per
796 4153 877 4234 hlop-
931 4154 970 4216 ad
996 4154 1131 4216 salutem
1156 4153 1386 4236 spectantibus,
1408 4153 1589 4217 cordialiter
1616 4172 1680 4217 non

126 4269 197 4324 sen,
213 4251 327 4323 Aaron,
348 4250 452 4323 Josue,
474 4249 666 4324 Samuelem,
687 4250 797 4324 David,
815 4251 876 4311 lsa·
931 4253 1110 4327 advertunt,
1128 4253 1193 4315 imo
1214 4253 1313 4333 magis
1335 4258 1525 4315 convertunt
1547 4251 1626 4315 illud
1646 4253 1679 4314 in

127 4351 193 4412 iam
209 4349 352 4430 aliosque
366 4348 549 4431 Prophetas,
566 4357 598 4411 et
612 4358 737 4413 sanctos
752 4350 875 4432 aliquos
932 4351 1043 4425 risum,
1061 4359 1093 4414 et
1115 4352 1147 4412 in
1170 4352 1236 4414 suis
1255 4350 1449 4414 vanitatibus
1469 4350 1679 4414 loeditatihus·

126 4467 230 4530 reges,
251 4456 286 4510 ut
304 4449 464 4530 Josaphat,
481 4449 660 4523 Ezechiam,
679 4450 807 4525 Josiam,
829 4451 875 4513 in·
931 4469 993 4533 que
1008 4451 1193 4532 persistunt.
1211 4449 1269 4524 Qui
1290 4449 1411 4512 similes
1432 4457 1505 4512 sunt
1520 4449 1678 4513 induratis

125 4547 242 4611 tritavit
256 4546 411 4630 populum
425 4548 605 4612 Judaeorum
621 4549 712 4612 valde
729 4549 876 4632 frequen·
929 4549 1056 4623 ludaeis,
1074 4551 1113 4612 de
1133 4549 1251 4632 quibus
1265 4549 1304 4611 ad
1325 4548 1524 4612 Ezechielem
1542 4550 1677 4633 prophe-

125 4655 176 4709 ter
191 4646 230 4708 ad
245 4645 355 4720 iidem,
372 4646 548 4722 caritatem,
560 4647 805 4730 spiritualesque
819 4669 876 4711 nu·
931 4657 995 4711 tam
1018 4649 1142 4712 locutus
1164 4655 1213 4710 est
1232 4646 1315 4710 Deus
1333 4664 1340 4710 ε
1357 4646 1416 4709 Fili
1436 4647 1586 4723 hominis,
1603 4667 1677 4712 ecee
1705 4666 1823 4718 aeacum..

124 4745 211 4828 ptias
230 4764 266 4808 ac
285 4745 430 4809 salutem.
447 4747 482 4808 ln
502 4764 566 4828 quo
583 4748 707 4822 caritas,
723 4748 825 4830 pietas
845 4756 876 4811 et
932 4748 1024 4811 mitto
1043 4754 1075 4809 te
1095 4748 1134 4810 ad
1149 4754 1277 4829 gentem
1297 4748 1574 4829 exasperatricem,
1591 4748 1677 4812 filios
1692 4733 1824 4839 {³2{‘¹¹¹¹¹'³¹·

124 4844 351 4908 munificentia
370 4844 427 4908 llei
446 4853 682 4927 monstrantur;
699 4848 874 4930 presertim
930 4847 1025 4910 lsrael
1048 4847 1104 4930 qui
1125 4847 1260 4909 audiunt
1278 4864 1440 4910 sermones
1463 4865 1550 4911 meos
1573 4867 1611 4912 ex
1635 4856 1676 4924 te,

124 4943 214 5027 quod
245 4943 487 5026 ingratissimos,
518 4945 664 5020 rebelles,
695 4965 873 5028 perversos,
931 4955 962 5010 et
984 4965 1048 5010 non
1070 4945 1193 5010 iaciunt
1214 4963 1278 5022 eos,
1295 4946 1350 5009 sed
1373 4946 1406 5009 in
1430 4947 1589 5009 canticum
1614 4947 1679 5011 oris

123 5043 221 5105 toties
241 5050 371 5125 tamque
391 5043 633 5124 dignantissime
656 5043 812 5108 invitavit.
890 5049 915 5111 D
931 5046 981 5109 sui
995 5051 1125 5109 vertunt
1139 5062 1211 5125 eos3
1227 5051 1259 5107 et
1273 5043 1375 5107 iactus
1391 5063 1425 5108 es
1439 5045 1486 5107 eis
1505 5045 1597 5126 quasi
1612 5064 1678 5108 oar-

167 5141 302 5222 lnsuper
316 5140 483 5204 hominum
500 5142 704 5224 ingratitudo,
715 5143 876 5227 negligen-
931 5164 1005 5208 men
1027 5145 1188 5207 musicum
1210 5144 1296 5226 quod
1318 5143 1407 5207 suevi
1429 5143 1580 5226 dulcique
1601 5162 1679 5208 sono

122 5242 170 5304 tia
191 5247 287 5322 atque
308 5240 499 5323 perversitas
521 5243 730 5306 ostenduntur
751 5244 784 5306 in
806 5244 875 5319 hoe,
931 5244 1064 5306 canitur.
1081 5243 1160 5306 Nam
1176 5250 1207 5305 et
1223 5242 1275 5305 isti
1291 5242 1464 5306 intimarati
1480 5242 1576 5305 etiam
1592 5260 1645 5306 eos
1660 5262 1679 5305 a

122 5340 213 5422 quod
226 5345 292 5403 tam
308 5338 475 5422 dignanter
489 5347 619 5424 tamque
634 5342 809 5425 sepissime
829 5343 876 5406 in·
931 5342 1048 5426 quibus
1063 5341 1198 5404 audiunt
1212 5341 1343 5404 verbum
1358 5341 1414 5404 Dei
1429 5340 1614 5424 trequentes
1628 5343 1679 5406 de
