4164 6258
446 424 507 492 236
796 444 944 494 oomurca
964 446 985 491 v
1004 445 1078 494 rosr
1098 444 1291 494 mmuamu.
1313 465 1352 477 -—
1374 446 1473 496 annuo
1494 447 1647 497 secuunus

445 617 532 706 bite,
558 617 718 701 loquendo
746 619 786 682 de
815 618 929 682 merito
957 617 1101 701 congrui,
1131 636 1194 681 non
1209 614 1235 681 Α
1249 619 1412 682 redierunt
1427 621 1466 683 ad
1482 621 1620 703 propria.
1639 621 1683 685 De
1698 621 1759 685 hoo
1778 619 1901 704 plenius
1914 621 1976 685 scri·

446 716 617 798 condigni3
631 719 776 778 homiues
800 720 866 778 eris
889 719 1031 794 capiens,
1051 717 1111 780 hoo
1135 725 1193 792 est,
1249 719 1298 801 psi
1322 739 1419 802 super
1443 721 1623 784 Matthaeum
1645 730 1677 785 et
1697 721 1828 784 Lucam.
1991 740 2061 784 unm

447 816 635 897 praedicator
660 823 693 878 et
715 815 877 897 apostolus
902 815 976 888 eris,
993 823 1024 878 et
1048 816 1196 896 praedioe-
1288 819 1461 894 Postremo,
1477 840 1495 882 a
1514 821 1634 884 Joanne
1658 820 1781 903 aliquid
1806 819 1879 881 huic
1902 805 2068 906 [nimphe

446 913 600 986 tionibus,
618 913 793 987 miraculis,
814 913 1022 988 orationibus,
1039 913 1195 995 exemplis
1249 916 1321 979 culo
1342 916 1447 978 simile
1467 917 1623 998 scriptum
1643 925 1702 990 est,
1719 915 1844 979 scilicet
1862 915 2067 998 qualitatem«.

447 1018 479 1072 et
500 1011 621 1074 meritis
642 1012 717 1084 tuis,
735 1011 853 1074 multos
874 1020 1050 1085 convertes,
1067 1021 1098 1074 et
1114 1012 1196 1074 intra
1250 1023 1321 1097 post
1341 1014 1457 1077 Christi
1482 1016 1762 1089 resurrectionem,
1778 1013 1915 1096 Apostoli
1935 1015 1976 1076 isti
1988 993 2050 1046 Μ*

447 1109 623 1172 Ecclesiam
653 1108 795 1190 colliges,
823 1109 908 1171 sicut
936 1109 1017 1171 intra
1047 1129 1194 1190 sagenam
1249 1113 1408 1196 piscantes
1433 1120 1497 1176 tota
1521 1121 1625 1188 nocte,
1647 1113 1728 1175 nihil
1755 1120 1915 1195 cepemnt,
1933 1115 1976 1174 sed

448 1207 643 1289 colliguntur
664 1207 911 1289 detinenturque
934 1208 1049 1289 pisces.
1065 1209 1143 1270 Nam
1165 1217 1196 1271 et
1249 1229 1343 1273 mane
1359 1210 1453 1284 lacto,
1472 1210 1596 1274 Christo
1615 1211 1662 1274 eis
1682 1210 1821 1284 dicento,
1837 1210 1939 1272 Mittite
1953 1211 1977 1272 iu

448 1306 517 1388 ipsa
537 1305 680 1369 Ecclesia
699 1314 900 1388 comparetur
921 1325 1054 1388 sagenae,
1072 1307 1196 1370 Christo
1249 1310 1410 1372 dexteram
1428 1309 1545 1390 navigii
1566 1317 1643 1384 rete,
1661 1317 1819 1392 ceperunt
1838 1327 1907 1371 mox
1920 1328 1977 1370 cen-

299 1417 435 1471 Mecum,
448 1403 575 1466 dicente
592 1421 599 1466 :
618 1403 728 1466 Simile
748 1411 798 1466 est
818 1423 952 1484 regnum
975 1405 1128 1467 coelorum
1148 1424 1195 1467 sa·
1248 1415 1317 1469 tum
1338 1408 1571 1490 quinquaginta
1591 1416 1655 1470 tres
1675 1425 1809 1489 magnos
1829 1408 1941 1489 pisces;
1955 1415 1978 1468 et

299 1483 335 1524 ll.

447 1521 536 1583 geuae
559 1503 664 1566 misse
684 1503 717 1563 in
740 1521 835 1563 marc.
856 1503 949 1564 Juxta
969 1521 1064 1583 quam
1086 1503 1196 1566 simili·
1249 1506 1294 1568 ibi
1310 1524 1367 1589 pro
1385 1506 1540 1569 miraculo
1555 1505 1786 1589 additur,quod
1803 1525 1900 1588 quum
1914 1506 1978 1567 tanti

447 1600 593 1664 tudinem
619 1601 704 1682 apud
725 1601 894 1662 Jeremiam
922 1601 1062 1682 loquitur
1085 1603 1193 1664 Dens:
1248 1609 1365 1676 esseut,
1383 1611 1510 1665 nonest
1529 1603 1666 1665 scissum
1687 1610 1764 1664 rete.
1782 1602 1841 1664 Hic
1856 1619 1935 1674 vero,
1948 1603 1979 1662 ad

299 1700 529 1768 Jer.1n,te.Ecce
545 1718 603 1781 ego
623 1699 747 1762 mittam
768 1700 941 1782 piscatores
958 1701 1085 1776 multoe,
1102 1709 1134 1764 et
1149 1703 1194 1783 pi·
1249 1701 1475 1764 insinuandum
1490 1701 1576 1764 aliud
1593 1701 1791 1775 miraculum,
1800 1699 1898 1763 lemur
1910 1701 1979 1782 quod

447 1798 624 1861 scabuntur·
643 1816 706 1860 eos.
1211 1798 1234 1860 B
1249 1807 1315 1863 rete
1331 1799 1551 1883 rumpebatur,
1561 1807 1593 1862 et
1608 1800 1764 1862 naviculae
1779 1817 1864 1882 pene
1878 1799 1981 1861 demer-

487 1901 530 1959 Εἰ
545 1899 713 1958 subductis
727 1901 772 1958 cd
786 1907 910 1958 terram
925 1901 1076 1969 moviduo,
1087 1905 1195 1981 utpote
1248 1898 1416 1980 gebentur,
1433 1917 1533 1980 quum
1554 1905 1662 1960 temen
1686 1898 1792 1980 pisces
1812 1915 1876 1960 uon
1894 1895 1981 1958 elabe-

446 1995 571 2058 duahus
595 1994 734 2077 prelatis
759 1995 928 2070 naviculis,
947 1998 1071 2056 relictis
1094 2000 1195 2057 omm'-
1249 2002 1368 2057 rentur.
1386 1995 1509 2058 Idcirco
1532 1994 1698 2078 perillam
1718 1994 1860 2077 piscium
1881 1994 1982 2076 captio

446 2096 516 2164 bue,
533 2094 565 2155 id
581 2101 630 2156 est
644 2093 767 2156 cunctis
783 2094 837 2177 qui
854 2095 985 2157 aderant
1000 2094 1044 2156 ihi
1059 2095 1195 2158 homiui·
1248 2113 1322 2156 nem
1348 2095 1386 2156 de
1411 2114 1475 2176 qua
1501 2093 1615 2157 scribit
1641 2095 1790 2169 loannes,
1816 2093 1982 2173 designatur

446 2190 518 2265 bus,
536 2191 588 2254 vel
612 2190 762 2254 omnihus
785 2211 855 2273 quae
878 2192 922 2254 ihi
947 2191 1117 2268 habebant,
1134 2194 1193 2256 soi·
1248 2193 1423 2256 electorum
1454 2193 1601 2254 collectio
1629 2192 1713 2254 intra
1744 2191 1982 2274 triumphantem

446 2289 522 2352 licet
546 2289 683 2351 navibus
707 2297 740 2351 et
765 2291 922 2353 contentis
947 2291 980 2352 in
1010 2291 1067 2364 eis,
1093 2295 1195 2353 secuti
1249 2291 1435 2366 Ecclesiam,
1452 2290 1484 2353 in
1506 2311 1569 2373 qua
1588 2291 1676 2353 nulla
1695 2290 1838 2354 scissura
1857 2297 1913 2362 est,
1927 2288 1983 2350 nul-

445 2375 522 2448 sicat
537 2408 624 2458 cem,
639 2387 699 2450 hoc
719 2395 776 2462 est,
794 2407 851 2471 per
865 2396 992 2470 tempus
1009 2397 1041 2451 et
1055 2390 1192 2472 aliquale
1248 2389 1315 2452 lum
1341 2407 1471 2472 prorsus
1497 2389 1700 2472 periculum;
1723 2407 1782 2471 per
1806 2389 1888 2451 hanc
1910 2406 1981 2458 vcro,

445 2486 585 2567 spatium
600 2504 639 2548 ex
655 2486 832 2548 reverentia
847 2487 962 2550 Christi
979 2487 1105 2550 iverunt
1120 2508 1192 2551 cum
1248 2490 1394 2552 collectio
1408 2489 1609 2552 credentium
1625 2488 1708 2551 intra
1723 2487 1899 2551 Ecclesiam
1914 2486 1983 2548 mili·

445 2601 502 2662 eo;
519 2591 629 2665 postea
642 2592 749 2647 tamen
766 2585 928 2647 redierunt
943 2587 981 2648 ad
998 2605 1065 2660 sua,
1082 2605 1193 2648 seeun—
1247 2595 1378 2660 tantem,
1396 2588 1427 2649 in
1452 2607 1515 2669 qua
1536 2586 1613 2650 boni
1637 2586 1730 2650 malis
1751 2587 1934 2660 miscentur,
1948 2591 1983 2646 at

444 2681 522 2743 dum
544 2681 697 2745 doctores.
716 2682 794 2745 Nam
815 2683 878 2744 alie
898 2684 950 2745 die
972 2691 1044 2766 post
1064 2684 1131 2748 haee
1153 2687 1191 2748 ad
1248 2705 1310 2767 que
1335 2685 1460 2747 diversa
1483 2692 1658 2748 occurrunt
1681 2685 1838 2768 pericula,
1864 2684 1983 2746 hereses

442 2780 655 2862 apostolatum
671 2781 773 2844 vocati
788 2781 968 2856 luerunt,et
983 2802 1021 2845 ex
1036 2790 1112 2846 tune
1128 2802 1191 2846 non
1247 2801 1375 2866 quoque
1397 2791 1429 2845 et
1450 2783 1631 2846 schismate.

955 3239 1148 3325 SERMO
1187 3238 1482 3324 SECUNDUS

817 3503 967 3559 contituit
986 3503 1145 3550 auctarum
1168 3504 1214 3549 SlT
1234 3503 1424 3550 anntcetto
1445 3503 1537 3550 venel
1557 3504 1618 3550 otti.

520 3785 622 3845 URIS
644 3783 726 3841 bona
746 3783 858 3841 audiet
878 3801 950 3841 eum
970 3783 1060 3842 omni
1080 3780 1227 3842 coeca-C
1248 3799 1361 3861 magna
1385 3781 1587 3864 eleemosyna
1611 3782 1748 3864 singulis
1772 3782 1941 3853 tribuetur,
1960 3789 1986 3840 ut

417 3947 418 3952 γ
525 3882 689 3958 piscantia
709 3881 913 3956 sapientiem.
931 3879 1026 3941 Eccli.
1045 3898 1089 3952 ιιι,
1106 3878 1154 3942 31.
1248 3878 1370 3959 integer
1385 3879 1477 3960 panis
1493 3889 1548 3942 aut
1568 3899 1719 3943 nummus
1738 3879 1987 3963 :quantomagis

484 3979 626 4054 Qualiter
641 3978 810 4041 Christiani
831 3978 968 4041 debeant
986 3978 1096 4041 audire
1115 3997 1192 4061 prae·
1247 3977 1389 4038 universi
1415 3978 1580 4040 credentes
1605 3977 1758 4041 festinare
1783 3977 1935 4041 deberent
1956 3976 1988 4037 ad

444 4078 637 4141 dicationem
652 4076 742 4139 verbi
758 4076 895 4139 coelestis
911 4096 929 4138 a
943 4077 1009 4138 suis
1024 4077 1192 4158 superiori·
1248 4075 1354 4137 locum
1379 4077 1626 4158 praedicationis,
1653 4096 1753 4159 quum
1781 4076 1918 4139 verbum
1941 4075 1987 4137 cci

446 4176 505 4239 hus
525 4195 562 4238 ac
583 4175 855 4259 predicatoribus,
872 4195 910 4237 ex
930 4175 1084 4237 hodierno
1098 4193 1191 4237 evan·
1247 4172 1289 4234 sit
1308 4174 1440 4237 relectio
1460 4175 1588 4248 mentis,
1605 4175 1697 4257 panis
1714 4181 1745 4237 et
1766 4182 1862 4257 potus
1884 4173 1986 4242 cordis,

445 4275 528 4355 gelio
551 4274 739 4337 declaratur,
766 4273 845 4336 Nam
870 4272 948 4336 dicit
971 4273 1081 4347 Lucas,
1107 4273 1190 4354 quod
1247 4279 1278 4334 et
1302 4292 1376 4334 vera
1401 4273 1564 4355 opulentia
1587 4273 1714 4347 animae,
1741 4274 1815 4356 quia
1843 4273 1989 4336 confortat

445 4374 546 4436 turbae
561 4374 724 4435 irruerunt
739 4373 771 4434 iu
786 4373 905 4445 lesum,
916 4379 951 4432 ut
964 4372 1110 4434 audirent
1125 4390 1192 4432 ver·
1246 4391 1282 4433 ac
1303 4379 1424 4434 recreat
1444 4379 1597 4445 mentem,
1613 4371 1789 4435 virtutihus
1806 4371 1888 4434 ditat
1906 4371 1987 4434 cami

445 4470 519 4532 bum
539 4471 605 4532 Dei.
1246 4469 1326 4531 llinc
1351 4470 1383 4531 in
1407 4470 1630 4533 Ecclesiastico
1654 4471 1773 4532 dicitur
1790 4487 1798 4532 :
1816 4470 1941 4533 Cibabit
1959 4468 1988 4528 il·
2007 4489 2062 4532 ret:

485 4569 589 4631 Primo
617 4567 712 4648 igitur
740 4567 858 4631 debent
884 4567 1114 4631 Christilideles
1140 4585 1191 4630 co·
1247 4567 1313 4628 lum
1329 4569 1453 4651 (utpote
1474 4568 1638 4631 homiuem
1657 4569 1780 4650 justum
1804 4569 1903 4650 Deus)
1917 4584 1986 4650 pane
1997 4557 2012 4594 ³·

447 4665 535 4748 piose
559 4673 655 4747 atque
679 4667 878 4729 concorditer
902 4684 1072 4749 properare
1090 4665 1127 4728 ad
1150 4666 1191 4728 lo·
1246 4667 1318 4729 vitea
1333 4674 1364 4729 et
1381 4667 1573 4742 intellectus
1590 4675 1622 4730 et
1636 4687 1718 4749 aqua
1734 4669 1902 4750 sapientiae
1917 4666 1988 4728 salu-

445 4783 519 4826 cum
545 4763 777 4846 praedicationis
797 4782 804 4825 ε
822 4764 907 4846 quod
931 4772 979 4826 est
1003 4771 1112 4825 contra
1137 4781 1191 4826 eos
1246 4765 1321 4826 taris
1337 4765 1459 4847 potabit
1474 4784 1559 4829 eum.
1577 4766 1741 4839 preterea,
1759 4783 1824 4847 quo
1839 4766 1943 4828 anima
1960 4763 1986 4824 in

446 4863 502 4944 qui
524 4862 608 4923 lente
630 4862 784 4925 accedunt
807 4863 959 4943 tardeque
984 4863 1127 4936 veniunt,
1149 4863 1190 4924 ita
1245 4869 1400 4925 eternum
1415 4863 1540 4925 uictura
1554 4871 1585 4925 et
1600 4883 1733 4926 summae
1747 4863 1913 4926 Trinitatis
1928 4864 1988 4925 ima·

446 4959 530 5040 quod
561 4959 756 5042 principium
787 4960 1021 5043 predicationis
1047 4977 1110 5022 non
1139 4981 1191 5023 au·
1205 4961 1230 5024 D
1245 4961 1318 5041 gine
1334 4961 1490 5034 decorata,
1501 4962 1701 5044 praestantior
1715 4969 1765 5024 est
1781 4962 1850 5036 vili,
1864 4963 1987 5025 immun·

446 5057 549 5130 diunt,
575 5075 634 5118 neo
659 5057 785 5139 plenam
810 5057 1068 5120 informationem
1094 5059 1191 5121 susci·
1246 5060 1285 5122 do
1301 5060 1486 5141 mortalique
1500 5077 1685 5142 corpore,eo
1700 5061 1772 5142 plus
1788 5059 1988 5123 festinandum

447 5153 550 5237 piunt.
566 5154 718 5216 Videmus
732 5174 829 5237 quam
849 5157 975 5237 copiose
995 5174 1030 5217 ae
1047 5155 1192 5218 celeriter
1246 5166 1329 5220 esset
1350 5159 1388 5220 ad
1411 5158 1646 5240 predicationis
1669 5159 1883 5232 auditionem,
1903 5174 1987 5239 quam

449 5270 604 5335 pauperes
619 5259 756 5336 pergunt
773 5253 812 5315 ad
832 5253 938 5315 locum
960 5253 993 5315 in
1008 5271 1071 5335 quo
1086 5254 1193 5336 aliqua
1246 5255 1285 5316 ad
1302 5255 1513 5317 materialium
1531 5274 1652 5338 panum
1668 5255 1919 5338 susceptionem.
1934 5254 1987 5317 Nec
