4164 6258
422 491 569 540 DOlssNith
590 491 621 538 tv
641 492 715 540 POST
734 491 928 540 minuam.
950 509 990 522 ··-
1011 490 1186 540 autumo
1206 492 1239 540 ΙΝ
1260 491 1455 542 artnentum
1653 475 1714 540 ²05

161 679 303 744 cumque
317 662 498 730 inordinato
512 665 689 730 secundum
708 667 818 730 modos
833 685 912 748 prae·
927 664 954 729 A
968 673 1135 748 peccatum
1165 667 1373 730 commissum
1404 667 1437 729 in
1466 666 1630 730 bominem
1657 683 1713 748 per

161 767 274 834 tactos,
300 783 317 822 o
342 769 374 824 et
402 781 465 826 non
493 763 761 845 judicabimini»
790 763 913 845 judicio
969 765 1237 847 comparationem
1255 765 1325 846 ejus
1340 766 1378 828 ad
1394 765 1557 828 bominem
1576 770 1712 838 tantum,

161 859 396 940 reprobationis
411 879 447 924 ac
465 861 750 935 condemnationis,
766 863 912 924 dummo·
969 865 1145 926 secundum
1167 865 1252 946 quod
1272 865 1355 927 Deus
1375 871 1423 926 est
1443 862 1629 944 majestatis,
1646 881 1714 924 san-

161 956 204 1018 do
218 956 282 1018 alia
295 975 424 1040 quoque
439 959 572 1022 servetis
587 966 795 1042 preceptaet
810 979 911 1041 usque
969 963 1097 1035 cibatis,
1114 969 1146 1024 et
1165 961 1362 1025 excellentiae
1379 961 1411 1024 in
1432 961 1597 1024 infinitum
1619 959 1715 1041 majo-

163 1053 195 1114 in
212 1053 313 1118 finem
329 1057 540 1138 perseveretis
556 1057 588 1119 in
605 1057 706 1120 bonis.
724 1058 768 1120 De
782 1058 843 1121 boc
861 1058 912 1139 ju·
969 1060 1012 1122 ris
1035 1078 1131 1142 quam
1151 1060 1257 1124 bomo.
1274 1061 1342 1123 Non
1364 1077 1440 1142 ergo
1460 1060 1561 1122 simus
1585 1059 1650 1122 Deo
1669 1058 1715 1120 in·

79 1185 102 1214 n.
120 1184 143 1223 v,
160 1153 248 1216 dicio
264 1154 406 1236 loquitur
419 1155 645 1230 Christus:0ui
660 1156 792 1219 verbum
807 1175 912 1219 meum
967 1159 1058 1240 grati,
1076 1177 1134 1221 nec
1149 1160 1188 1221 ad
1205 1159 1433 1240 ignoscendum
1448 1175 1560 1240 graves
1575 1166 1607 1220 et
1621 1157 1712 1219 tardi.

34 1265 39 1274 ·
158 1251 263 1326 audit,
287 1252 383 1316 habet
403 1254 501 1316 vitam
527 1261 689 1329 aeternam,
714 1261 746 1316 et
773 1255 805 1316 in
829 1255 912 1335 judi·
968 1258 1071 1320 Potest
1086 1265 1117 1319 et
1133 1257 1175 1320 ita
1190 1257 1371 1338 intelligia<
1387 1257 1543 1319 Dimittite
1559 1279 1575 1315 n
1592 1275 1629 1318 ea
1644 1274 1714 1338 quaa

158 1349 250 1412 cium
271 1367 335 1412 non
356 1351 454 1412 venit.
967 1374 1124 1437 pauperes
1139 1354 1230 1418 vobis
1246 1354 1432 1428 debent,ch
1448 1361 1557 1437 captos
1571 1371 1651 1436 quos
1666 1371 1716 1416 ex·

199 1449 313 1509 Nolite
326 1453 551 1511 condemnaro.
565 1450 794 1513 condemnatio
809 1469 847 1512 er
861 1450 911 1532 ju·
968 1455 1055 1538 pedit
1070 1455 1199 1528 dimitti,
1215 1454 1266 1516 vel
1286 1453 1474 1535 temporalia
1491 1453 1585 1527 bona,
1602 1471 1714 1515 secun·

156 1544 245 1607 dicio
264 1546 376 1621 oritur,
392 1547 443 1608 vel
464 1547 543 1610 illud
566 1547 710 1610 includit.
728 1547 812 1622 ideo,
829 1549 912 1610 sieut
966 1553 1042 1614 dum
1059 1552 1142 1634 quod
1159 1553 1309 1635 princeps
1324 1551 1547 1634 Apostolorum
1566 1551 1712 1624 asseruit,

157 1660 224 1704 non
247 1644 484 1726 quodcumque,
501 1645 556 1708 aed
583 1644 799 1709 inordinatum
821 1648 912 1709 dum·
967 1651 1047 1713 Ecce
1071 1669 1127 1713 nos
1149 1649 1332 1713 dimisimus
1352 1650 1478 1730 omnia3
1496 1672 1512 1710 n
1527 1658 1559 1712 ct
1577 1649 1715 1712 dimitte·
1729 1671 1860 1724 barnan.

156 1749 246 1804 taxat
270 1741 458 1824 prohibetur
479 1743 650 1823 judicium,
670 1744 713 1807 ita
737 1761 801 1806 non
826 1763 911 1827 quae-
966 1756 1019 1812 tur
1043 1748 1134 1812 vobis
1150 1772 1166 1808 >r
1185 1749 1336 1831 iniquitas
1358 1755 1472 1811 vestra.

156 1857 311 1922 cumque,
327 1841 383 1903 sed
403 1841 582 1904 inordinata
600 1841 824 1904 condemnatio
840 1859 910 1924 pro·
928 1845 951 1907 B
1008 1851 1089 1909 Doto
1108 1847 1277 1910 consilium
1297 1852 1351 1910 aut
1369 1846 1525 1909 auxilium
1546 1845 1713 1927 indigenti,

156 1938 300 2013 hibetur,
317 1937 467 2001 videficet
487 1947 616 2022 propter
637 1940 758 2003 incerta
777 1949 809 2004 et
829 1941 912 2003 levia
967 1953 998 2008 ct
1022 1945 1107 2027 quod
1131 1943 1362 2008 rationabiliter
1382 1943 1562 2025 postulatur
1582 1962 1601 2005 a
1624 1943 1715 2006 vobis

156 2037 252 2118 signa
266 2036 407 2118 aliquem
422 2039 647 2113 condemnare,
664 2057 720 2101 scu
736 2040 832 2102 etiarn
847 2057 911 2102 non
968 2061 1031 2106 non
1047 2043 1222 2124 denegetis,
1239 2042 1294 2106 sed
1313 2043 1385 2104 date
1401 2061 1440 2103 er
1458 2041 1588 2104 caritate
1605 2041 1659 2104 Dei
1679 2060 1715 2104 ac

156 2135 418 2215 subjectum,ch
434 2135 599 2199 affirmare
614 2135 755 2218 aliquem
770 2136 913 2200 finaliter
969 2142 1118 2225 proximi,
1135 2142 1311 2204 secundum
1328 2161 1411 2204 verae
1427 2141 1627 2203 discretionis
1643 2159 1715 2204 cen-

156 2251 231 2295 essc
246 2234 535 2316 damnandum,qui
552 2243 659 2297 tamen
675 2236 829 2317 poeuitere
844 2253 914 2318 quo·
968 2257 1094 2318 suram;
1111 2249 1140 2299 et
1162 2240 1298 2300 dabitur
1320 2240 1407 2298 vobis
1428 2256 1447 2299 a
1470 2238 1536 2300 Deo
1558 2237 1658 2318 gratia
1682 2237 1716 2300 in

159 2332 240 2394 tidie
263 2339 376 2414 potest.
401 2333 607 2396 Prasidcntes
632 2351 708 2396 vcro
734 2341 765 2395 et
787 2333 913 2414 judices
969 2337 1118 2420 praesenti
1139 2345 1171 2400 ct
1192 2337 1292 2418 gloria
1314 2337 1347 2399 in
1372 2335 1490 2410 futuro,
1507 2355 1607 2418 quum
1634 2337 1716 2398 Deus

157 2439 307 2512 possunt,
333 2430 398 2493 imo
424 2438 455 2493 et
483 2430 666 2511 obligantur
695 2431 811 2512 impios
839 2449 912 2494 con·
969 2437 1010 2498 sit
1025 2435 1170 2498 omnium
1186 2435 1342 2498 bonorum
1358 2433 1599 2516 copiosissimus
1614 2453 1717 2496 remu·

156 2528 324 2603 demeare,
335 2528 464 2610 quando
475 2529 601 2609 justitia
616 2529 647 2592 id
664 2529 807 2611 requirit.
819 2529 915 2612 Aper·
969 2543 1104 2598 necator.
1121 2537 1313 2597 Mensoran
1334 2536 1461 2606 bonam,
1478 2544 1508 2594 ct
1522 2535 1716 2610 consertam,

157 2635 191 2688 tc
213 2629 309 2690 ctiam
332 2627 512 2701 sceleratos
530 2628 707 2690 secundum
729 2629 813 2710 quod
835 2627 913 2691 tales
969 2644 999 2694 ot
1013 2635 1222 2712 coopitotorn,
1238 2643 1268 2693 et
1288 2635 1576 2710 supereffluentem
1591 2634 1716 2692 dabunt

156 2733 248 2799 sunt,
265 2733 296 2788 et
310 2743 365 2788 eos
380 2743 459 2807 quos
475 2726 509 2788 in
529 2734 602 2788 actu
618 2725 733 2789 vitioso
753 2726 911 2802 videmus,
969 2735 1005 2792 in
1025 2735 1135 2792 sinnrn
1156 2741 1311 2792 oestrum.
1329 2733 1386 2794 Per
1406 2731 1488 2794 hanc
1507 2749 1635 2794 omnem
1659 2731 1717 2793 cir·

156 2826 313 2888 damnare
335 2832 367 2888 ct
388 2824 558 2907 reprobare
578 2823 640 2886 sub
662 2825 844 2887 conditione
862 2843 914 2887 cr·
969 2828 1239 2892 cumlocutionem
1262 2829 1454 2903 insinuatur,
1471 2829 1556 2910 quod
1572 2827 1718 2891 ineffabi-

158 2924 274 3007 plicita
297 2923 348 2986 vel
375 2923 532 3006 implicita
557 2923 641 2998 licet,
665 2923 825 2998 videlicet,
849 2924 913 2986 nisi
969 2927 1041 2990 liter
1056 2929 1184 3010 copiosa
1199 2927 1260 2989 crit
1275 2926 1444 2989 retributio
1458 2944 1591 3009 operum
1607 2927 1717 2989 carita-

158 3021 372 3104 poenitucrint
383 3038 390 3082 :
400 3029 435 3082 ut
450 3020 477 3082 si
492 3019 633 3102 aliquem
649 3021 815 3085 videamus
826 3022 912 3084 adul·
929 3027 950 3090 G
968 3027 1008 3088 tis
1023 3045 1059 3089 ac
1075 3027 1203 3108 pietatis
1219 3026 1251 3088 in
1268 3025 1349 3088 coelo
1366 3043 1373 3087 :
1391 3044 1462 3107 quae
1477 3024 1647 3088 retributio
1661 3043 1718 3107 per

156 3121 280 3182 terium
299 3127 355 3181 aut
373 3118 584 3181 homicidium
608 3117 746 3180 scienter
768 3119 912 3182 commit·
968 3143 1151 3187 mensuram
1166 3123 1369 3206 exprimitur,
1381 3124 1532 3205 quoniam
1548 3124 1716 3205 praemium

155 3227 240 3292 tere,
257 3218 384 3281 nullum
403 3224 451 3280 est
468 3216 615 3293 dubium,
632 3218 710 3299 quin
731 3217 764 3280 in
780 3225 912 3300 peccato
968 3223 1082 3285 merito
1115 3222 1342 3304 correspondet
1376 3240 1412 3284 ac
1446 3221 1715 3304 proportionetur,

156 3317 294 3379 exsistat
309 3315 442 3390 mortali,
450 3315 717 3397 damnationeque
732 3315 846 3396 dignus
861 3316 911 3390 sit,
969 3321 1238 3403 quemadmodum
1269 3327 1452 3382 mensurato
1481 3337 1656 3399 mensura;
1685 3328 1717 3382 et

156 3425 191 3478 et
215 3416 277 3478 nisi
302 3413 498 3498 poenituerit,
516 3414 549 3476 in
570 3421 724 3477 eternum
749 3414 913 3478 damnabi-
969 3418 1218 3502 item‚quoniam
1233 3418 1316 3480 Deus
1333 3418 1509 3480 secuudum
1525 3418 1715 3501 sapientiam

158 3525 223 3578 tur.
241 3517 285 3576 lit
306 3533 370 3573 non
392 3513 692 3573 condemnabimini
710 3511 913 3574 damnatione
969 3537 1059 3580 suam
1075 3517 1183 3580 omnia
1199 3517 1391 3589 moderatur,
1402 3522 1498 3598 atque
1513 3516 1546 3578 in
1563 3518 1715 3600 pondere,
1730 3545 1863 3602 s„,„,‚2.,

157 3622 281 3678 aeterna
305 3631 323 3674 a
349 3611 615 3685 beo,du1nmodo
639 3629 678 3672 ex
704 3611 833 3672 caritate
856 3610 913 3673 uei
969 3633 1104 3678 numero
1132 3633 1168 3677 ac
1195 3633 1343 3678 mensura
1367 3614 1532 3677 constituit
1556 3615 1713 3678 universa.

157 3712 282 3776 vitetur
297 3708 520 3772 condemnatio
534 3708 670 3771 aliorum
687 3709 914 3784 inordinata,et
969 3713 1118 3788 Quamvis
1133 3720 1239 3774 autem
1255 3711 1315 3776 ista
1330 3711 1498 3776 retributio
1513 3731 1568 3776 seu
1590 3732 1716 3776 mensu-

159 3815 388 3893 perseveretur
412 3807 445 3868 in
470 3805 574 3878 imnis,
597 3813 631 3868 ut
652 3813 773 3868 tactum
794 3814 851 3868 est.
970 3830 1004 3874 ra
1028 3811 1177 3874 effectivo
1202 3811 1295 3872 detur
1318 3810 1358 3873 ab
1384 3828 1448 3873 uno
1472 3811 1546 3885 Deo,
1573 3811 1717 3876 Christus

203 3909 372 3969 Dimitttce
396 3904 530 3985 injurias
553 3903 645 3966 vobis
671 3903 774 3966 illatas
796 3922 802 3966 :
823 3905 914 3985 juxta
970 3918 1075 3973 tamen
1097 3909 1263 3992 pluraliter
1283 3909 1435 3992 loquitur,
1457 3930 1474 3968 o
1489 3908 1611 3972 dabunt
1626 3931 1654 3984 r,
1673 3909 1718 3972 vi·

14 4031 36 4122 ,⁰
89 4043 140 4077 ‚nt
159 4007 245 4069 illud
260 4006 299 4068 ad
315 4004 527 4077 ColossenseS,
543 4002 667 4065 induite
681 4002 805 4065 viscera
820 4003 913 4066 mise·
969 4009 1086 4071 delicet
1101 4026 1258 4091 pauperes
1274 4007 1391 4089 quibus
1407 4025 1503 4090 opera
1519 4007 1647 4090 pietatis
1662 4008 1719 4070 im·

159 4105 322 4177 ricordicc,
338 4107 561 4184 supportantes
582 4101 731 4174 invicem,
748 4108 779 4163 et
796 4101 914 4164 donan-
970 4107 1121 4189 penditis,
1132 4107 1208 4188 quia
1223 4106 1467 4188 cooperantibus
1483 4106 1717 4170 interventione

158 4215 213 4269 tes
242 4200 493 4282 vobismetipsis,
519 4199 546 4262 Si
576 4199 649 4282 quis
677 4201 829 4262 adversus
857 4201 913 4262 ali·
931 4206 1151 4271 billonense
1169 4205 1290 4266 meritis
1307 4205 1399 4266 datur
1414 4204 1480 4266 baec
1496 4223 1645 4266 mensura
1660 4224 1716 4267 seu

157 4321 263 4388 quem
277 4300 372 4364 habet
388 4299 551 4381 querelam
558 4315 567 4378 3
583 4307 613 4356 et
628 4299 817 4358 dimittetur
827 4301 914 4359 vobis
972 4322 1103 4367 merces,
1126 4304 1245 4384 Itaque,
1268 4323 1285 4361 n
1303 4320 1484 4364 mensuram
1506 4301 1621 4364 bonam
1638 4325 1668 4376 n,
1684 4303 1716 4364 id

157 4425 179 4466 a
198 4399 366 4481 Deo‚quod
380 4415 454 4462 eum
469 4396 651 4459 offendistis
666 4397 915 4478 peccando,jux·
970 4411 1018 4466 est
1039 4401 1227 4482 legitimam,
1243 4400 1319 4481 quia
1339 4418 1402 4462 non
1423 4399 1529 4462 minus
1549 4418 1646 4482 quam
1666 4400 1716 4481 ju·

47 4537 72 4566 ec
85 4524 102 4567 ι’.
156 4511 196 4564 ta
221 4499 301 4561 illud
326 4495 540 4592 Ecclesiastici
562 4494 745 4577 :Relinque
767 4495 914 4578 proximo
970 4509 1056 4563 stum
1078 4508 1125 4562 cst
1144 4498 1276 4572 dabunt,
1295 4520 1312 4558 «
1328 4505 1360 4560 et
1378 4498 1554 4561 confertam
1570 4519 1599 4572 »,
1615 4498 1647 4561 id
1670 4507 1718 4562 est

10 4590 105 4636 ”⁰¹¹²
157 4611 221 4664 tuo
242 4595 371 4660 nocenti
395 4594 473 4673 tibi;
489 4601 521 4655 et
544 4600 621 4656 tuuc
645 4594 829 4676 deprecanti
854 4595 913 4657 tibi
971 4599 1110 4682 plenam,
1133 4619 1148 4656 u
1169 4605 1200 4658 et
1224 4597 1463 4678 coagitatam»,
1489 4604 1525 4660 ut
1548 4615 1606 4680 per
1629 4615 1716 4660 com-

157 4698 330 4764 solventur
345 4702 485 4778 peccata.
499 4693 536 4754 lit
551 4711 625 4756 ecce
641 4693 708 4756 hanc
723 4700 771 4754 cst
786 4693 913 4756 infinita
969 4697 1167 4779 pressionem
1184 4695 1257 4778 plus
1273 4695 1388 4777 capiat,
1406 4717 1422 4754 n
1437 4703 1470 4758 ct
1483 4695 1717 4778 supereffluen-

156 4795 387 4864 misericordia
407 4800 501 4874 atque
524 4793 666 4874 dignatio
688 4792 914 4874 superexaltati
969 4803 1034 4857 tem
1050 4818 1079 4868 n,
1096 4795 1128 4856 id
1149 4803 1196 4856 est
1212 4801 1276 4857 tam
1297 4793 1513 4858 abundantem
1530 4803 1562 4856 et
1577 4795 1718 4858 cumula·

156 4907 195 4963 et
211 4891 472 4976 incomparabilis
489 4891 650 4973 liei,quod
666 4891 735 4953 vult
750 4891 796 4952 illi
812 4891 915 4954 dimit
969 4903 1033 4956 tam
1053 4900 1088 4955 ut
1107 4891 1318 4975 supereffluat
1339 4893 1493 4975 undique,
1510 4915 1527 4954 n
1542 4892 1663 4956 dabunt
1683 4895 1716 4956 in

157 5009 232 5060 tere
252 5010 309 5056 sua
328 4997 469 5074 peccmn
486 4989 541 5071 qui
562 4988 698 5069 ignoscit
718 4990 864 5071 peccanti
881 4990 913 5052 in
969 4993 1075 5055 sinum
1091 5000 1233 5054 vestrum
1250 5013 1278 5065 n,
1297 4991 1327 5053 id
1348 4999 1396 5054 est
1411 4991 1445 5054 in
1462 4992 1584 5074 gremio
1599 4993 1714 5068 cordis,

157 5115 198 5160 se
216 5111 223 5156 :
240 5109 343 5173 quum
363 5097 470 5152 umen
490 5095 658 5171 peccatum
679 5107 737 5171 per
751 5106 914 5171 compara·
970 5092 1003 5154 in
1028 5091 1128 5154 fundo
1151 5090 1279 5164 mentis,
1297 5091 1331 5152 iu
1355 5091 1568 5154 secretissimo
1595 5091 1716 5154 intelle·

157 5197 284 5259 tionem
301 5191 340 5253 ad
356 5189 457 5252 Deum
472 5188 587 5252 babeat
601 5187 823 5250 enormitatem
839 5206 915 5270 quo
970 5198 1040 5254 ctus
1069 5208 1106 5252 ac
1129 5189 1314 5263 voluntatis,
1341 5190 1417 5271 quia
1447 5189 1628 5252 intellectus
1657 5190 1716 5253 im-

157 5293 336 5364 dammodo
363 5293 396 5352 in
425 5287 590 5351 infinitum
619 5287 786 5369 majorem,
817 5307 913 5370 quam
970 5288 1111 5372 plebitur
1125 5307 1161 5351 ac
1178 5286 1342 5350 reficietur
1357 5287 1507 5350 beatifica
1524 5289 1716 5374 contempla-
