4214 6254
429 481 469 546 96
749 498 897 545 potituros
918 499 961 545 SS.
983 499 1167 545 TlllNlTA'llS·
1189 517 1229 528 ·-
1251 501 1424 549 undenario
1445 503 1476 548 lN
1498 501 1665 549 aristolao

428 676 478 731 est
500 668 539 731 ad
568 667 731 732 Christum
760 669 1024 751 spiritualemque
1053 669 1178 732 intelle·
1193 667 1219 732 A
1235 670 1317 733 Deus
1342 678 1461 753 regnat,
1488 671 1604 735 residet
1629 679 1660 734 et
1683 670 1831 753 quiescit,
1858 670 1973 734 dicente

430 775 528 829 ctum.
554 767 626 829 llaec
650 773 758 829 autem
783 767 939 849 expositio
963 766 1060 829 nimis
1086 767 1179 850 spiri·
1234 768 1577 852 Apostolozl'emplum
1594 770 1650 834 Dei
1666 776 1812 832 sanctum
1828 771 2073 851 estquodrcaar.

281 887 414 938 atram-r.
429 865 525 927 tualis
541 865 678 938 videtur,
697 865 871 947 praesertim
892 865 968 947 quia
987 864 1020 927 in
1038 867 1089 928 die
1104 867 1180 928 Pen·
1234 865 1309 927 estis
1332 884 1396 928 vos.
1418 865 1495 928 Nam
1518 867 1625 929 anima
1643 866 1733 948 justi,
1750 867 1841 928 sedes
1863 874 1911 928 est
1933 886 1973 928 sa-

430 971 576 1038 tecostes,
593 963 742 1025 veniente
762 983 858 1045 super
873 962 1039 1046 Apostolos
1059 964 1179 1046 Spiritu
1235 963 1372 1045 pientiae.
1390 964 1477 1026 Cnde
1493 965 1655 1047 Scriptura
1670 965 1796 1039 latetur,
1811 964 1935 1028 lustitia
1947 973 1975 1027 et
1986 985 2073 1028 erunt.

429 1061 554 1136 Sancto,
571 1061 677 1124 inlusa
692 1061 754 1123 luit
767 1061 878 1124 loanni
893 1060 1052 1124 excellens
1068 1061 1180 1124 notitia
1232 1062 1390 1142 judicium
1415 1063 1604 1145 preparatio
1628 1063 1712 1126 sedis
1734 1071 1796 1126 tue
1813 1081 1820 1125 :
1838 1063 1914 1145 quia
1935 1065 1973 1126 ri·
1987 1050 2011 1088 ¹⁵*
2086 1083 2087 1088 ¹

429 1160 507 1241 legis
532 1179 569 1223 ac
593 1159 832 1242 Prophetarum.
859 1158 921 1222 Alii
946 1178 1021 1240 ergo
1046 1178 1102 1243 per
1126 1177 1178 1222 vo
1234 1157 1350 1220 delicet
1369 1177 1426 1240 per
1443 1159 1575 1240 justitie
1595 1161 1833 1223 exsecutionem
1853 1167 1885 1221 et
1897 1159 1975 1241 judi·

428 1277 498 1320 cem
521 1257 612 1321 istam
634 1257 816 1339 intelligunt
837 1257 1078 1340 inspirationem
1099 1257 1178 1319 divi·
1235 1255 1277 1317 cii
1290 1256 1713 1340 discretionem,disponitur
1726 1257 1834 1320 anima
1849 1265 1885 1319 ut
1900 1259 1975 1320 lleus

429 1376 512 1420 nam.
530 1357 591 1419 Sed
614 1356 766 1439 quoniam
791 1357 874 1418 Deus
900 1356 959 1417 ista
984 1375 1046 1418 non
1071 1356 1179 1418 docuit
1235 1355 1373 1418 residere
1396 1356 1543 1437 dignetur
1565 1357 1598 1418 in
1620 1377 1666 1419 ea.
1689 1357 1721 1419 Si
1742 1375 1819 1420 vero
1841 1376 1899 1439 per
1920 1377 1975 1420 cte

426 1457 580 1519 loannem
610 1454 795 1517 immediate
821 1473 878 1536 per
906 1473 939 1516 se
970 1455 1088 1536 ipsum,
1114 1455 1178 1517 imo
1236 1453 1302 1514 lum
1322 1453 1516 1534 intelligatur
1535 1455 1636 1536 patria
1653 1455 1835 1529 Beatorum,
1852 1473 1908 1517 seu
1930 1457 1977 1518 tri-

429 1573 488 1616 nec
504 1554 684 1616 immediate
698 1571 757 1635 per
771 1552 1002 1624 Christum,sed
1019 1571 1076 1634 per
1090 1571 1180 1633 ange
1234 1553 1388 1634 umphans
1403 1553 1616 1636 Ecclesiaper
1630 1555 1736 1617 sedem
1750 1555 1783 1616 in
1797 1573 1835 1617 ea
1850 1555 1978 1637 positam
2087 1625 2088 1634 ἵ

430 1652 498 1715 lum
514 1651 547 1714 in
563 1650 678 1715 Christi
694 1669 830 1734 persona
844 1651 1180 1733 apparentem(quem-
1234 1651 1456 1732 intelliguntur
1479 1652 1630 1733 angelice
1655 1661 1837 1736 potestates,
1859 1672 1978 1717 omnes·
2087 1639 2088 1650 ἵ

282 1773 415 1830 amera.
430 1750 602 1814 admodum
619 1750 652 1812 in
667 1749 857 1832 Apocalypsi
873 1750 917 1811 ait
931 1749 1065 1812 loannes
1083 1769 1090 1812 :
1108 1749 1178 1811 l'idi
1234 1768 1296 1830 que
1312 1759 1433 1812 mentes
1449 1752 1515 1813 Deo
1529 1750 1678 1814 beatifice
1694 1751 1908 1834 perfruentes,
1918 1754 1979 1835 qui·

430 1849 521 1930 quasi
545 1847 684 1912 similem
711 1848 782 1911 lilio
810 1848 968 1928 hominis;
993 1855 1024 1910 et
1049 1849 1177 1922 iterum,
1197 1846 1295 1913 Bbus
1320 1849 1403 1910 lleus
1430 1848 1611 1912 sublimiter
1636 1850 1822 1933 presidens,
1850 1850 1978 1913 interius

294 1970 415 2024 uum„
430 1946 495 2028 Ego
509 1948 599 2010 lesus
620 1947 692 2010 misi
712 1946 862 2028 angelum
885 1964 991 2009 meum
1012 1945 1179 2009 testificari
1234 1953 1349 2010 cuncta
1368 1947 1517 2030 disponit.
1535 1949 1666 2023 Rursus,
1682 1967 1740 2032 per
1760 1949 1870 2012 sedem
1889 1950 1978 2026 banc,

284 2037 316 2079 ¹⁶·
430 2045 497 2110 heac
512 2047 545 2109 in
560 2045 807 2127 Ecclesia),hinc
822 2045 928 2128 potius
942 2044 1179 2127 arbitror,quod
1233 2046 1403 2109 auctoritas
1428 2055 1459 2109 et
1482 2055 1621 2130 potestas
1645 2048 1701 2111 Dei
1727 2047 1904 2112 Ecclesiam
1928 2068 1979 2131 gu-

431 2164 488 2228 per
508 2163 621 2208 vocem
642 2146 725 2208 hanc
748 2144 954 2225 intelligenda
975 2144 1016 2206 sit
1036 2143 1180 2224 angelica
1234 2144 1397 2207 hernantis
1412 2145 1611 2227 exprimitur.
1628 2145 1710 2209 Deus
1724 2147 1845 2210 etenim
1867 2147 1978 2210 nullibi

429 2243 592 2318 allocutio,
617 2263 674 2306 seu
704 2243 840 2326 ipsemet
867 2241 998 2324 angelus
1025 2243 1178 2305 loannem
1234 2243 1341 2305 verius
1361 2263 1456 2325 quam
1479 2244 1512 2305 in
1533 2263 1567 2306 se
1587 2245 1657 2326 ipso
1675 2263 1746 2307 esse
1765 2252 1797 2308 et
1815 2245 1978 2327 quiescere
2088 2311 2089 2338 ,

429 2341 564 2404 interius
593 2342 768 2424 alloquens.
795 2341 894 2422 Cujus
918 2359 978 2404 vox
1003 2341 1094 2422 qnasi
1117 2359 1178 2403 vox
1234 2341 1741 2426 perhibetur.Postremo,quiaet
1757 2343 1826 2426 ipsa
1841 2343 1980 2406 Ecclesia
2088 2339 2089 2370 ³

429 2439 514 2503 tubae
539 2449 680 2515 vocatur,
704 2440 744 2503 ad
774 2439 1001 2502 insinuandum
1026 2438 1178 2502 virtutem
1234 2440 1324 2502 sedes
1348 2447 1396 2502 est
1421 2441 1488 2516 Dei,
1515 2441 1606 2504 sedes
1631 2441 1664 2504 in
1688 2442 1770 2506 coelo
1792 2450 1842 2505 est
1868 2443 1977 2526 posita,

430 2545 462 2601 et
476 2539 655 2602 efficaciam
670 2539 822 2620 angelice
836 2538 1047 2602 allocutionis
1060 2539 1104 2600 De
1119 2538 1177 2602 hac
1234 2538 1309 2620 qnia
1327 2539 1468 2601 Ecclesia
1487 2539 1639 2614 militans,
1656 2541 1804 2623 quamvis
1823 2541 1929 2604 adbuc
1948 2541 1978 2604 in

429 2656 507 2701 voce
528 2639 610 2702 dixit
627 2640 762 2702 loannes
784 2638 817 2700 in
838 2638 951 2700 eodem
969 2637 1177 2720 Apocalypsis
1233 2655 1327 2699 carne
1351 2645 1506 2712 versetur,
1530 2646 1636 2701 mente
1659 2647 1765 2702 tamen
1789 2640 1908 2704 coelum
1933 2641 1978 2702 in-

292 2757 414 2810 nuen.
429 2736 522 2811 libro,
544 2736 721 2800 Conversus
745 2755 814 2799 sum
841 2743 876 2797 ut
898 2735 1040 2798 viderem
1066 2753 1177 2798 vocem
1231 2735 1362 2810 habitat,
1378 2737 1504 2800 dicente
1525 2737 1675 2820 Apostolo
1692 2754 1699 2800 :
1716 2738 1828 2802 Nostra
1849 2757 2078 2814 conver-rrum

428 2855 499 2918 quae
520 2835 709 2918 loquebatur
728 2853 855 2898 mecum
873 2852 879 2896 :
898 2833 1105 2916 intelligendo
1120 2853 1178 2917 per
1232 2835 1312 2897 satio
1333 2835 1366 2896 in
1387 2835 1477 2898 coelis
1498 2844 1555 2898 est.
1992 2825 2020 2866 ²⁰·

429 2952 550 3009 vocem,
573 2935 660 2999 vocis
681 2935 881 3018 prolatorem.
903 2934 1047 3016 Denique
1068 2933 1177 2997 divino
1271 2936 1315 2995 Et
1338 2953 1439 3011 supra
1463 2938 1568 2995 sedem
1595 2938 1718 3006 sedens,
1743 2936 1869 3000 scilicet
1896 2937 1978 3000 Deus
2089 3001 2090 3026 ,

289 3052 412 3097 uererer.
427 3033 578 3116 Dionysio
606 3040 813 3109 contestante,
840 3032 1033 3116 propheticas
1058 3030 1176 3094 revela·
1194 3033 1215 3096 C
1231 3051 1315 3094 unus
1330 3040 1362 3095 et
1375 3033 1477 3094 trinus
1497 3033 1647 3096 omnibus
1665 3033 1845 3110 dominans,
1862 3034 1901 3098 de
1917 3053 1979 3118 quo
2089 3027 2090 3030 '

279 3115 413 3223 {ssff‘·⁶·¹l⁰²
427 3131 528 3194 tiones
550 3151 608 3214 per
627 3131 756 3212 angelos
777 3130 868 3194 lacte
890 3137 974 3192 sunt.
1231 3129 1332 3192 fertur
1347 3131 1380 3192 in
1394 3131 1518 3194 Psalmo
1535 3149 1542 3193 :
1559 3132 1713 3195 Dominus
1734 3133 1767 3195 in
1788 3132 1870 3196 coelo
1888 3134 1978 3196 sedes
2001 3155 2067 3200 rats

466 3232 574 3313 ltaque
589 3231 634 3293 ait
650 3249 656 3294 :
675 3253 692 3291 a
707 3250 768 3294 vox
789 3231 924 3313 prima»
943 3247 950 3291 :
967 3229 1058 3312 quasi
1079 3230 1174 3303 dicat,
1230 3230 1300 3310 ejus
1313 3247 1321 3308 ;
1342 3237 1384 3304 et,
1402 3230 1555 3292 Dominus
1570 3230 1658 3292 sedet
1673 3249 1770 3312 super
1784 3232 1893 3294 sedem
1908 3251 1978 3295 san·
1991 3253 2075 3297 ream

426 3329 544 3392 Eadem
564 3349 659 3412 quam
678 3329 745 3410 jam
765 3337 837 3391 ante
856 3327 974 3391 audivi.
992 3328 1070 3390 Nam
1090 3328 1175 3409 quod
1230 3335 1313 3390 ctam
1335 3346 1435 3390 suam.
1452 3329 1546 3390 Porro
1566 3328 1743 3391 immensus
1761 3335 1793 3392 et
1809 3329 1979 3392 incircum-

425 3430 598 3511 praecessit,
615 3429 755 3510 primum
771 3445 930 3490 vocamus.
949 3428 1174 3490 Verumtamen
1229 3426 1416 3508 scriptibilis
1433 3427 1526 3500 Deus,
1543 3426 1576 3488 in
1596 3425 1772 3489 divinitatis
1791 3435 1905 3491 natura
1925 3449 1978 3491 ne·
2090 3453 2091 3482 r

277 3543 411 3602 maam-
425 3525 672 3607 berengaudus*
691 3543 749 3608 per
768 3525 905 3606 primam
926 3542 1037 3588 vocem
1058 3524 1174 3586 intelli·
1228 3543 1389 3606 quaquam
1409 3523 1615 3606 corporaliter
1635 3525 1724 3587 sedet
1739 3543 1799 3588 nec
1818 3526 1979 3589 clauditur

277 3607 318 3650 ‘¹⁰³
424 3624 470 3705 git
483 3624 637 3686 loannem
651 3622 836 3705 Baptistam,
853 3621 908 3704 qui
930 3620 1072 3703 loquitur
1086 3622 1125 3683 de
1140 3641 1173 3684 se
1229 3621 1308 3696 loco,
1336 3623 1391 3685 sed
1416 3620 1561 3694 illocalis,
1587 3622 1808 3704 intemporalis
1833 3623 1978 3686 immate-

275 3740 409 3793 oann.1,2a
426 3723 495 3805 ipso
512 3741 519 3785 :
537 3720 602 3802 Ego
617 3739 677 3784 vox
697 3720 862 3782 clamantis
882 3720 915 3782 in
933 3720 1067 3782 deserto.
1086 3741 1103 3779 e
1118 3719 1173 3782 hs·
1227 3719 1379 3802 rialisque
1394 3719 1624 3782 invariabiliter
1638 3728 1814 3803 permanet.
1825 3721 1885 3784 Sed
1901 3741 1979 3804 quo

425 3821 525 3883 cende
548 3819 610 3882 huc
626 3841 655 3894 a,
677 3819 709 3881 id
731 3827 789 3893 est,
810 3818 849 3880 ad
871 3817 1172 3899 contemplationem
1228 3817 1313 3879 niam
1340 3818 1421 3880 visio
1445 3818 1505 3880 ista
1529 3817 1716 3899 imaginaria
1741 3818 1813 3894 luit,
1834 3819 1918 3881 Deus
1945 3820 1976 3882 in

425 3927 454 3980 te
468 3917 627 3998 erigezde
642 3916 801 3999 spirituali
817 3917 938 3998 qnippe
953 3934 1171 3989 ascensu,non
1228 3915 1329 3977 forma
1354 3915 1486 3990 visibili,
1512 3915 1669 3978 situaliter
1697 3917 1862 3991 residenti,
1889 3935 1977 3980 mon·

422 4018 461 4080 de
483 4016 651 4099 corporali,
668 4016 728 4079 hoc
750 4015 871 4077 dictum
894 4023 953 4077 est.
975 4015 1046 4077 «Et
1068 4023 1169 4078 osten-
1227 4012 1385 4074 strabatur
1405 4013 1527 4076 loanni.
1543 4014 1635 4076 Juxta
1657 4032 1755 4095 quern
1779 4015 1910 4078 modum
1935 4015 1978 4078 lo

421 4116 493 4179 dam
510 4115 569 4177 tibi
585 4133 655 4197 quae
670 4121 795 4197 oportet
809 4113 882 4176 lieri
896 4113 959 4177 cito
974 4121 1046 4196 post
1060 4113 1128 4177 hec
1139 4135 1168 4186 a,
1227 4111 1335 4193 quitur
1359 4111 1453 4174 lsaias
1477 4129 1483 4172 :
1507 4111 1578 4174 Vidi
1598 4112 1778 4194 (inquiens)
1801 4113 1976 4176 Dominum
2002 4138 2074 4181 rani.

421 4214 453 4277 id
472 4222 521 4277 est
540 4221 668 4289 statum,
684 4230 870 4295 processum
891 4231 928 4275 ac
946 4212 1169 4274 tribulationes
1185 4217 1210 4279 Ι)
1226 4210 1388 4272 sedentem
1405 4228 1501 4292 super
1515 4209 1631 4273 solium
1647 4211 1809 4273 excelsum
1826 4217 1859 4273 et
1873 4211 1977 4274 eleva-

421 4312 588 4377 militantis
607 4312 768 4388 Ecclesiae,
790 4332 861 4395 quae
881 4330 920 4375 ex
942 4311 1003 4374 hoc
1025 4319 1169 4393 tempore
1225 4315 1303 4370 tum.
1327 4307 1434 4371 Daniel
1456 4326 1584 4391 quoque
1607 4309 1763 4392 propheta
1783 4327 1790 4372 ε
1812 4311 1975 4393 Adspicie—
1994 4333 2083 4378 nnis.

420 4432 521 4495 usque
543 4413 582 4476 ad
605 4411 706 4476 finem
728 4413 840 4474 mundi
861 4413 1041 4474 decurrent.
1225 4407 1309 4480 bam,
1331 4407 1445 4489 inquit,
1467 4407 1567 4470 donee
1589 4407 1695 4471 throni
1717 4409 1813 4491 positi
1835 4417 1919 4484 sunt,
1943 4419 1975 4473 et

459 4515 503 4574 Et
519 4514 631 4573 statim
649 4514 706 4589 fui
725 4514 761 4572 in
780 4513 916 4588 spiritu,
934 4511 965 4572 id
985 4517 1034 4573 est
1052 4509 1169 4573 aliena·
1223 4505 1381 4588 Antiquos
1401 4506 1525 4568 dierum
1546 4507 1637 4580 sedit,
1654 4514 1763 4589 utpote
1778 4507 1868 4570 Pater
1883 4517 1976 4572 aeter-

419 4621 471 4673 tus
493 4610 533 4672 ab
555 4609 749 4673 exteriorum
773 4628 925 4673 sensuum
947 4629 1007 4672 usu
1030 4617 1063 4670 et
1082 4616 1167 4682 actu,
1224 4623 1294 4667 nus.
1312 4605 1427 4687 Sicque
1443 4605 1475 4666 in
1497 4605 1684 4686 imaginaria
1697 4606 1822 4670 visione
1841 4626 1975 4690 appare-

419 4717 518 4792 atque
539 4709 572 4772 in
596 4710 711 4772 ecstasi
735 4709 864 4782 mentis,
885 4727 942 4791 per
963 4707 1168 4790 diligentissi-
1225 4704 1279 4767 bat
1295 4704 1407 4767 loanni
1430 4703 1606 4766 similitudo
1630 4704 1714 4767 sedis
1737 4706 1922 4788 corporalis,
1942 4708 1975 4769 in

420 4828 504 4872 mam
534 4806 822 4872 considerationem
850 4825 961 4870 eorum
990 4825 1061 4889 quae
1088 4806 1167 4868 mihi
1223 4821 1286 4884 qua
1303 4802 1387 4865 Deus
1409 4801 1551 4864 residens
1570 4800 1746 4864 videbatur.
1764 4802 1898 4876 Quidam
1918 4825 1975 4867 au·

417 4907 676 4971 ostendebantur.
698 4909 742 4968 et
766 4926 834 4966 ecce
857 4909 945 4966 sedes
965 4907 1074 4982 posita
1098 4915 1168 4966 erat
1223 4909 1287 4963 tem
1310 4920 1368 4982 per
1388 4900 1564 4973 sedentem,
1586 4899 1767 4982 specialiter
1789 4901 1975 4983 intelligunt

418 5009 456 5067 in
475 5011 561 5068 coeto.
579 5006 612 5068 Si
632 5023 689 5088 per
709 5005 827 5068 coelum
849 5003 1064 5084 intelligamus
1085 5004 1168 5066 mili·
1224 5000 1395 5073 Christum,
1412 4999 1512 5060 Deum
1528 5003 1560 5059 et
1574 4997 1750 5072 hominem,
1762 4998 1802 5062 de
1817 5017 1882 5081 qno
1897 5001 1975 5062 scri·

418 5111 538 5168 tantem
562 5103 750 5177 Ecclesiam,
766 5103 857 5166 sedes
881 5101 913 5164 in
934 5121 970 5164 ea
990 5101 1103 5183 posita,
1120 5109 1168 5165 est
1223 5105 1314 5180 ptum
1339 5105 1387 5160 est
1409 5115 1415 5159 :
1437 5095 1591 5159 Dominus
1617 5095 1747 5178 quidem
1770 5098 1862 5160 lesus
1886 5107 1974 5181 post·
1994 5120 2085 5164 naam

417 5204 619 5286 congregatio
642 5202 764 5286 quaevis
788 5203 912 5276 devota,
933 5219 989 5264 seu
1014 5201 1109 5264 eorda
1129 5202 1167 5264 ti·
1222 5215 1318 5279 quam
1335 5195 1458 5258 locutus
1474 5202 1522 5258 est
1537 5194 1590 5269 eis,
1598 5203 1781 5279 assumptus
1796 5204 1846 5260 est
1861 5197 1894 5260 in
1911 5215 1974 5262 cte
1989 5186 2018 5228 ¹⁹·

418 5303 539 5368 delium
567 5302 624 5366 Dei
653 5320 762 5367 amore
790 5320 954 5379 succensa,
985 5301 1018 5363 in
1048 5300 1167 5385 quibus
1223 5298 1301 5373 lum,
1318 5301 1350 5357 et
1370 5294 1458 5357 sedet
1479 5312 1497 5357 a
1517 5294 1637 5359 dextris
1658 5292 1724 5358 liei.
