4164 6258
468 528 614 577 DOUINICA
636 529 666 577 vt
686 529 760 577 POST
779 527 973 578 tntttttttul.
995 547 1035 560 -
1056 529 1155 576 sumto
1174 528 1299 578 TERTIUS

646 935 838 1022 SERMO
875 935 1123 1023 TERTIUS

465 1200 616 1258 oututrstt
636 1201 798 1249 numus
818 1201 877 1248 NOS
897 1201 1042 1250 tnomts
1062 1200 1295 1250 undenorum.

182 1484 372 1548 EMENTO
390 1485 642 1544 maissimornm
662 1492 807 1554 tuorum,
822 1493 853 1544 et
867 1481 893 1545 Α
908 1501 1018 1564 regum
1034 1491 1067 1547 et
1081 1483 1234 1548 Dominus
1250 1484 1484 1560 universorum,
1496 1483 1589 1565 cujus
1603 1501 1655 1546 ex·

195 1583 309 1643 desim
324 1583 507 1652 inimicari,
518 1590 548 1641 et
563 1581 688 1642 abstine
704 1590 733 1642 te
747 1601 767 1640 a
782 1583 850 1642 tite.
908 1581 1064 1646 cellentiae
1084 1582 1192 1646 nullus
1212 1590 1261 1646 est
1279 1583 1367 1658 finis,
1384 1591 1448 1646 tam
1467 1582 1655 1665 gratiosissi-

105 1681 200 1746 Eccli.
216 1697 327 1754 xrvru,
343 1679 374 1754 6,
392 1677 439 1742 to.
908 1699 960 1744 me
979 1689 1011 1744 et
1030 1681 1428 1765 supermisericordissime
1444 1683 1654 1763 dignatusest

141 1779 298 1843 Perfeetio
313 1777 475 1840 rationalis
491 1785 642 1841 creatura
657 1785 716 1851 est,
731 1777 853 1840 assimi-
908 1779 1054 1844 homines
1076 1781 1263 1862 prevenire,
1280 1780 1399 1862 quibus
1422 1799 1587 1862 nunquam
1608 1780 1655 1844 fo

104 1879 160 1940 lari
185 1895 246 1940 suo
268 1875 408 1940 Creatori
432 1875 609 1938 secundum
635 1875 765 1938 modum
790 1873 852 1938 sibi
908 1877 1030 1952 refecit,
1048 1878 1114 1942 imo
1138 1878 1255 1960 quibus
1281 1887 1345 1941 tam
1371 1876 1579 1941 ineffabiliter
1600 1877 1654 1940 be-

103 1975 291 2060 possibilem
307 1982 339 2038 et
355 1974 530 2037 decentem.
549 1973 791 2036 Consideremus
807 1993 853 2036 er·
908 1976 1026 2039 neficia
1046 1977 1146 2039 multa
1160 1984 1193 2040 et
1212 1995 1326 2058 magna
1345 1976 1484 2050 donavit,
1501 1984 1533 2040 et
1550 1995 1569 2039 a
1587 1977 1655 2058 qui-

103 2093 142 2157 go
161 2073 302 2158 qualiter
321 2073 405 2136 Deus
425 2090 458 2135 se
478 2071 590 2134 habuit
610 2078 641 2134 et
656 2071 799 2153 quotidie
819 2091 852 2135 se
908 2074 968 2138 bus
983 2093 1041 2158 pro
1056 2082 1101 2137 tot
1115 2074 1294 2148 beneficiis,
1311 2082 1356 2138 tot
1370 2083 1402 2137 et
1417 2082 1519 2138 tantas
1534 2075 1655 2158 recepit

104 2174 200 2236 habet
214 2174 254 2235 ad
269 2172 425 2235 homines.
444 2170 534 2234 Certe
549 2189 567 2232 a
584 2169 745 2252 principio
761 2189 852 2233 mun·
908 2173 1162 2256 ingratitudines,
1189 2172 1334 2254 injurias,
1357 2172 1560 2246 rebelliones,
1581 2191 1654 2237 con·

103 2273 258 2352 digenus
272 2271 450 2333 humanum
464 2269 604 2350 graviter
618 2287 654 2331 ac
670 2267 854 2352 multiplici·
908 2271 1056 2335 tumelias
1078 2278 1172 2353 atque
1194 2270 1428 2354 blasphemias3
1448 2271 1487 2346 si,
1511 2271 1652 2355 inquam,

102 2380 149 2433 ter
163 2389 261 2432 suum
277 2367 414 2431 offendit
428 2367 607 2430 Creatorem
623 2385 660 2428 ac
679 2367 791 2440 Deum,
807 2375 852 2428 at·
907 2367 1054 2448 dignatus
1070 2373 1119 2430 est
1133 2367 1189 2430 bos
1205 2366 1312 2429 taliter
1326 2367 1513 2450 prevenire,
1530 2367 1655 2431 hortan-

101 2488 164 2552 que
180 2468 345 2551 peccando
360 2465 546 2528 inimicitias
562 2464 638 2527 fecit
654 2465 737 2528 inter
751 2466 852 2528 Deum
907 2466 947 2528 do
964 2465 1193 2547 invitandoque
1212 2483 1266 2529 eos
1280 2465 1319 2529 ad
1335 2485 1429 2529 suum
1445 2485 1598 2542 amorem,
1615 2468 1654 2530 ad

100 2575 130 2630 et
146 2565 314 2630 seznibilo
330 2564 437 2626 minus
453 2563 569 2626 Densa
585 2563 745 2646 principio
760 2583 852 2625 mun·
908 2582 1019 2646 pacem
1035 2563 1216 2639 salutarem,
1228 2565 1266 2626 ad
1283 2565 1512 2628 beatitudiuem
1529 2573 1655 2628 eterna·

99 2666 144 2738 di,
161 2664 406 2748 perseipsum,
423 2679 481 2743 per
494 2661 622 2741 angelos
642 2669 779 2736 sanctos,
796 2666 890 2744 perB
908 2661 971 2724 lem
989 2679 996 2722 :
1013 2669 1133 2743 quanto
1155 2663 1254 2744 magis
1280 2681 1337 2726 nos
1362 2663 1535 2726 miserrimi
1559 2671 1654 2747 atque

100 2762 311 2836 Patriarobas,
335 2759 507 2843 Prophetas
532 2778 568 2822 ao
597 2759 676 2822 alios
706 2759 852 2822 homines
906 2759 1056 2822 vilissimi
1091 2768 1284 2842 peccatores,
1315 2760 1506 2823 deberemus
1540 2762 1654 2824 merito

100 2871 242 2935 sanctos,
260 2859 420 2943 precipue
445 2877 502 2940 per
521 2858 667 2940 praelatos
689 2865 720 2920 ct
742 2857 853 2940 praedi·
907 2875 970 2920 non
991 2857 1095 2920 solum
1112 2859 1157 2920 ire
1172 2858 1211 2920 ad
1231 2876 1284 2920 eos
1300 2857 1418 2941 quibus
1436 2857 1652 2933 forefecimus‚

99 2967 226 3023 catores
243 2957 353 3032 bonos,
370 2975 450 3040 quos
470 2955 558 3018 misit
572 2956 611 3018 ad
631 2955 788 3030 homines,
806 2956 852 3018 in·
907 2956 946 3018 ad
962 2955 1233 3018 reconciliandum
1253 2974 1311 3019 nos
1333 2955 1421 3038 ipsis,
1438 2956 1588 3020 videlicet
1602 2977 1654 3020 ve-

99 3059 214 3120 vitavit
245 3074 299 3120 eos
327 3056 367 3118 ad
397 3054 639 3118 faciendumne
664 3072 852 3118 conservan·
908 3054 992 3116 niam
1008 3053 1653 3136 postulandoetsatisfaoiendo,sedetiam

98 3157 177 3218 dnm
195 3173 310 3239 pacem
325 3161 357 3216 et
372 3153 545 3216 amicitiam
561 3153 851 3226 secuml’raeterea,
908 3152 1051 3215 laborare
1076 3169 1133 3234 pro
1162 3152 1420 3215 reconciliatione
1449 3153 1519 3234 ejus
1548 3173 1565 3216 a
1590 3173 1654 3237 quo

98 3273 202 3337 quum
227 3253 290 3315 filii
315 3251 421 3325 lsrael,
438 3259 581 3332 tempore
606 3250 744 3313 Sedecim
769 3251 852 3331 regis
907 3251 972 3314 laesi
992 3258 1024 3312 et
1045 3249 1195 3331 injuriam
1219 3251 1304 3333 passi
1327 3270 1449 3326 sumus,
1466 3252 1594 3314 solliciti
1614 3273 1653 3316 er

96 3361 128 3416 et
150 3359 240 3424 ante,
257 3351 357 3413 Deum
377 3349 565 3430 gravissime
585 3355 616 3410 et
635 3349 852 3431 supergravis·
907 3349 1037 3411 caritate
1053 3366 1111 3430 pro
1130 3349 1200 3430 ejus
1221 3349 1333 3422 salute,
1350 3368 1390 3412 ne
1410 3350 1443 3411 in
1464 3350 1571 3432 aliqua
1591 3369 1653 3412 ma·

96 3450 181 3512 sima
206 3447 431 3520 offendissent,
456 3445 540 3509 idola
564 3446 755 3518 venerando,
780 3446 851 3508 Pro·
907 3454 980 3510 neat
995 3446 1100 3528 culpa,
1118 3466 1158 3510 ne
1173 3447 1273 3510 Deum
1294 3446 1447 3521 offendat,
1465 3467 1505 3510 ne
1523 3456 1653 3512 eterna-

96 3548 215 3631 phetas
238 3546 423 3618 occidendo,
440 3543 641 3606 innocentem
663 3544 850 3625 sanguinem
907 3546 980 3608 liter
1004 3547 1133 3627 pereatl
1149 3546 1195 3608 Ad
1221 3546 1328 3608 minus
1350 3563 1424 3626 ergo
1446 3563 1574 3608 oremus
1596 3565 1654 3630 pro

95 3647 129 3709 ef
131 3644 308 3718 fundendo,
315 3643 441 3726 aliaque
456 3643 612 3705 horrenda
627 3641 852 3724 facinoraque
907 3643 1035 3718 talibus,
1051 3650 1082 3704 et
1097 3643 1184 3706 omni
1200 3643 1357 3707 industria
1371 3662 1434 3725 qua
1448 3643 1603 3718 valemus,
1614 3645 1653 3708 ad

95 3745 128 3808 in
146 3741 318 3806 Ezechiele
333 3741 487 3824 propheta
503 3747 686 3821 tanguntur,
703 3741 852 3803 commit·
907 3751 1047 3806 nostram
1067 3760 1121 3805 eos
1136 3743 1311 3805 amicitiam
1332 3760 1529 3806 revocemus.
1546 3744 1652 3818 Porro,

94 3845 214 3919 tendo;
225 3849 259 3904 et
272 3840 314 3904 ob
329 3839 388 3904 hoc
404 3840 487 3902 Deus
502 3839 679 3901 minaretur
693 3839 740 3901 eis
755 3839 851 3920 capti·
871 3841 892 3906 C
908 3841 934 3904 si
959 3841 1022 3904 duo
1043 3850 1097 3904 aut
1121 3842 1229 3922 plnres
1254 3841 1316 3902 sibi
1342 3841 1481 3904 invicem
1503 3841 1654 3905 forefece·

93 3943 234 4004 vitatem
251 3947 283 4002 et
297 3938 544 4002 destructionem
562 3957 619 4020 per
633 3955 740 4019 regem
756 3946 851 4020 atque
907 3947 992 4013 runt,
1010 3941 1052 4002 ita
1072 3941 1156 4022 quod
1182 3941 1299 4020 singuli
1322 3939 1504 4020 obligantur
1526 3939 1651 4002 veniam

92 4041 281 4103 exercitum
297 4036 636 4102 Cbaldaeorumtnibilo
650 4037 755 4098 minus
771 4037 852 4098 Dens
906 4038 1078 4120 postulare,
1095 4046 1171 4100 tunc
1187 4038 1326 4118 pertinet
1340 4038 1378 4099 ad
1395 4038 1557 4111 virtutem,
1575 4057 1652 4120 prae·

92 4139 399 4223 piissimus,exsua
415 4136 633 4198 misericordia
650 4134 852 4209 infinita,mi-
907 4135 1017 4199 sertim
1045 4136 1084 4198 ad
1114 4137 1277 4198 caritatem
1306 4155 1342 4198 ac
1367 4136 1592 4208 humilitatem,
1618 4142 1652 4197 ut

92 4240 136 4302 sit
167 4235 351 4320 saepissime
374 4236 413 4298 ad
444 4234 610 4317 praedictos
640 4232 726 4296 filios
756 4233 851 4296 lsrael
908 4235 1652 4316 unusquisqueillorumstudeataliumpraeve-

91 4358 152 4400 seu
177 4333 338 4419 populum
363 4334 544 4397 ludaeorum
569 4333 740 4415 Prophetas
764 4351 850 4406 suos,
907 4333 987 4406 nire,
1004 4335 1129 4396 veniam
1147 4334 1347 4417 deprecando
1363 4352 1400 4396 ao
1417 4333 1649 4396 satisfaciendo.

91 4437 234 4498 hortans
250 4441 282 4496 et
296 4433 433 4495 invitans
450 4451 507 4514 per
522 4449 575 4494 eos
591 4432 745 4514 populum
763 4431 852 4494 illum
946 4433 1089 4514 Insuper,
1100 4451 1199 4514 quum
1217 4441 1288 4515 post
1303 4432 1417 4496 Christi
1433 4433 1651 4495 ascensionem

90 4537 131 4597 ad
150 4531 393 4616 poenitentiam,
410 4531 448 4592 ad
463 4529 649 4606 amicitiam,
661 4531 700 4593 ad
717 4531 851 4606 salutem
907 4539 990 4594 totus
1006 4532 1144 4594 mundus
1161 4539 1275 4614 praeter
1292 4532 1414 4595 Judaeos
1429 4539 1513 4593 esset
1528 4531 1653 4593 idolola-

8 4667 74 4706 Μ,
92 4641 125 4697 et
148 4649 281 4715 pacem.
303 4628 422 4691 Deinde
444 4629 534 4691 Pater
553 4635 691 4691 aeternus
708 4628 852 4710 unigeni·
907 4631 974 4693 trias
989 4630 1127 4703 deditus,
1144 4638 1175 4692 et
1191 4629 1478 4692 innumerabilibus
1494 4629 1654 4692 maximis-

91 4742 166 4795 tum
191 4727 311 4792 Filium
332 4745 425 4789 suum
447 4726 532 4788 misit
552 4726 584 4788 iu
606 4727 762 4789 mundum
786 4727 853 4789 uni·
907 4748 969 4811 que
1001 4728 1141 4812 repletus
1174 4729 1376 4801 criminibus,
1409 4728 1511 4791 nihilo
1545 4729 1652 4791 minus

91 4829 204 4893 versis
222 4825 398 4890 sceleribus
413 4825 557 4908 plenum,
570 4831 605 4886 nt
620 4825 785 4887 induceret
800 4825 853 4888 ho·
907 4826 990 4889 Deus
1006 4827 1093 4889 misit
1105 4827 1269 4908 Apostolos
1284 4835 1315 4889 et
1330 4845 1440 4889 eorum
1456 4827 1652 4909 coadjutores
1666 4847 1799 4897 tanne,

90 4929 207 4991 mines
233 4925 272 4987 ad
301 4923 535 5007 paenitentiam,
560 4923 599 4985 ad
628 4923 791 4986 caritatem
821 4931 852 4986 et
906 4924 1068 4987 adomnia
1083 4925 1225 5006 gentium
1242 4925 1394 5006 regna,ad
1410 4943 1537 4988 omnem
1555 4911 1700 5009 popu-⁴⁷¹

89 5044 217 5111 pacem
235 5023 492 5104 secumPropter
506 5022 589 5104 quod
605 5022 649 5083 ait
664 5021 850 5104 Apostolus:
868 5023 892 5085 l]
909 5023 987 5096 lum,
1012 5023 1131 5085 tribum
1156 5031 1188 5085 et
1212 5023 1365 5104 lingnam,
1387 5023 1516 5087 hortans
1540 5042 1576 5087 ac
1601 5026 1653 5087 de-

8 5153 70 5199 nne.
89 5128 184 5190 Deus
201 5129 273 5186 erat
287 5121 320 5183 in
336 5119 461 5184 Christo
474 5121 628 5183 mundum
643 5120 853 5183 reconcilians
908 5140 1042 5204 precans
1067 5139 1120 5183 eos
1145 5122 1287 5184 converti
1318 5123 1357 5184 ad
1381 5140 1414 5184 se
1439 5130 1471 5184 et
1493 5123 1533 5184 ad
1559 5141 1653 5184 suum

26 5289 60 5316 m
88 5223 170 5288 sibi.
908 5219 1054 5281 divinum
1074 5236 1227 5293 amorem,
1244 5219 1281 5280 ad
1303 5237 1413 5302 pacem
1434 5219 1652 5282 dulcissimam

134 5321 172 5385 Si
191 5318 293 5400 igitur
308 5318 392 5381 Deus
408 5317 582 5398 majestatis
600 5317 774 5392 immense,
790 5318 854 5379 Rex
909 5325 941 5380 et
961 5317 1093 5398 gloriam
1116 5317 1354 5399 sempiternam.
