4206 6258
349 523 497 572 nortuum
518 524 579 571 xxv
600 523 674 572 rosr
693 521 888 570 damnarunt.
908 538 949 550 -
969 522 1012 568 an
1032 522 1228 587 nntrcroscs3
1251 522 1349 571 sunno
1368 524 1492 574 rannus
1636 507 1697 575 653

144 694 216 777 lpse
231 693 351 758 etenim
366 701 430 757 tam
452 693 732 776 praeclarissimum
748 691 895 758 iaciendo
908 691 934 755 Α
949 692 990 767 Ιθ,
1007 692 1040 755 in
1059 711 1097 758 eo
1112 701 1221 777 regnat
1240 695 1395 758 Dominus
1413 697 1506 760 Deus.
1524 695 1563 759 llt
1579 697 1613 760 in
1633 715 1696 780 quo

39 811 82 842 ¹²¹·-
95 811 129 850 ἰι
146 792 351 868 miraculum,
367 799 478 875 utpote
497 792 640 855 satiando
659 799 705 856 tot
720 791 822 854 millia
839 791 895 854 ho·
949 799 1024 854 suut
1039 791 1206 873 injustitia,
1223 793 1381 857 discordia
1396 803 1491 878 atque
1505 795 1635 859 tristitia
1649 796 1697 859 in·

40 895 45 906 '
145 892 271 956 minum
288 911 327 956 ex
347 891 490 974 quinqua
510 890 648 975 panibus
667 910 703 954 ac
720 891 831 974 paucis
849 890 896 973 pi·
949 890 1093 954 ordinata
1108 908 1242 974 operans
1258 901 1525 976 mortem,reguat
1539 894 1695 959 diabolus.

144 991 287 1066 aciculis,
304 989 525 1073 comprobavit
546 1009 580 1054 εθ
602 1008 672 1053 θεεθ
693 1007 806 1071 regem·
819 989 896 1052 lies·
989 989 1159 1072 Nunquam
1179 991 1275 1072 igitur
1294 1000 1403 1074 regnet
1423 992 1456 1055 in
1476 993 1569 1056 nobis
1589 1013 1698 1076 super·
1713 1019 1843 1073 raanan.

144 1089 226 1152 siam
241 1089 274 1151 in
291 1089 360 1170 lege
375 1095 407 1152 et
420 1088 585 1170 Prophetis
600 1086 895 1170 promissumUnde
949 1085 1013 1162 bia,
1034 1105 1074 1150 ne
1096 1088 1166 1169 ejus
1188 1089 1272 1152 servi
1291 1089 1475 1154 efficiamur
1495 1109 1532 1153 ac
1551 1091 1626 1166 tilii,
1641 1091 1697 1174 qui
1710 1117 1843 1174 ειειιιεε.

25 1206 32 1214 ·
106 1235 114 1248 .
144 1195 178 1251 ct
200 1187 295 1251 turba
317 1187 387 1250 viso
411 1193 499 1250 tanto
522 1186 678 1269 prodigio,
695 1186 777 1248 dixit
793 1203 800 1248 :
816 1185 896 1259 Ouia
949 1194 998 1249 est
1021 1205 1077 1249 rex
1100 1206 1198 1270 super
1220 1188 1386 1252 universos
1411 1188 1497 1252 lilios
1525 1189 1694 1273 superbies.

146 1287 224 1350 chio
238 1295 288 1350 est
301 1304 376 1350 vere
387 1286 544 1369 Propheta
558 1285 613 1367 qui
629 1293 783 1349 venturus
799 1291 847 1348 θεῖ
862 1283 895 1346 in
948 1283 1018 1347 Non
1037 1291 1148 1366 regnet
1163 1285 1195 1346 in
1211 1284 1304 1348 nobis
1319 1286 1519 1369 impatientia
1534 1307 1605 1370 quaa
1620 1289 1696 1352 stul·
1724 1307 1792 1352 rrae.
1802 1321 1844 1362 ιιι,

146 1387 304 1448 muudum
320 1406 348 1447 n.
372 1385 431 1448 Per
454 1403 551 1467 quam
576 1383 894 1446 circumlocutionem
949 1382 1050 1444 titiam
1065 1390 1230 1465 operatur3
1246 1401 1310 1446 non
1326 1383 1373 1446 ira
1387 1404 1457 1467 quae
1473 1385 1506 1448 in
1521 1387 1593 1449 sinu
1609 1387 1697 1450 stulti
1713 1372 1836 1478 {m

145 1483 347 1546 intellexerat
362 1482 533 1546 Christum.
551 1483 671 1565 ltaque,
683 1500 783 1564 quum
798 1480 896 1544 susci·
950 1480 1105 1563 quiescit3
1121 1499 1184 1545 uon
1199 1482 1274 1563 gula
1288 1489 1343 1546 aut
1357 1484 1619 1566 concupiscentia
1632 1503 1700 1548 car·
1714 1497 1746 1538 ¹⁰·
1838 1466 1843 1486 ¹

145 1589 244 1644 lasset
258 1583 342 1646 Deus
355 1581 446 1644 Pater
459 1581 559 1643 llavid
573 1598 704 1662 germen
718 1579 853 1661 justum,
863 1578 895 1641 id
950 1579 1012 1655 nis,
1028 1597 1069 1642 ne
1084 1579 1195 1642 bestiis
1209 1579 1459 1658 conformemur,
1471 1589 1503 1646 et
1517 1582 1700 1646 alliciamur
1712 1600 1753 1644 1³2.
1761 1613 1816 1654 ιιιι,
1824 1604 1845 1645 a.

145 1687 196 1744 θεῖ
214 1680 388 1755 Christum,
404 1679 488 1760 regis
507 1679 606 1743 David
623 1677 839 1760 justissimum
857 1676 894 1740 li·
950 1685 987 1740 ut
1001 1697 1102 1760 equus
1121 1684 1153 1740 ct
1172 1678 1279 1742 mulus
1299 1679 1417 1761 quihus
1433 1698 1497 1743 non
1512 1688 1561 1744 est
1576 1681 1698 1746 intelle·

144 1778 227 1841 lium
242 1778 419 1842 secuudum
435 1776 666 1840 humanitatem
683 1781 892 1859 assumptam,
952 1783 1119 1854 ctus;non
1135 1775 1283 1859 tepiditas
1303 1783 1357 1840 aut
1373 1777 1512 1860 pigritia,
1529 1798 1569 1843 ne
1587 1798 1628 1842 ex
1643 1798 1698 1843 ore
1730 1796 1799 1854 apae.
1814 1809 1843 1849 ιιι,

143 1896 185 1940 ex
208 1885 286 1940 tunc
311 1875 408 1960 coepit
432 1876 577 1940 Christus
600 1893 656 1938 rex
681 1892 813 1955 regnare
836 1891 894 1957 per
913 1869 1079 1946 Bllomini
1100 1892 1295 1938 evomamur.
1314 1874 1374 1938 Sed
1397 1875 1510 1940 rationi
1530 1885 1646 1942 nostra
1665 1879 1698 1942 iu
1713 1861 1746 1902 ¹⁶·

143 1977 279 2058 gratiam
295 1976 327 2038 in
342 1975 492 2039 cordibus
507 1991 637 2038 suorum
653 1972 895 2056 lidelium,quos
950 1972 1101 2036 omuibus
1125 1973 1262 2056 imperet
1279 1974 1373 2048 Deus,
1391 1982 1421 2037 et
1441 1975 1521 2038 ratio
1544 1977 1699 2059 passioni-

144 2095 210 2140 non
234 2075 441 2158 corporaliter
459 2081 595 2148 tautum,
612 2072 667 2136 sed
688 2071 897 2155 spiritualiter
951 2070 1021 2146 bos,
1039 2079 1197 2154 quatenus
1211 2071 1318 2135 anima
1338 2079 1444 2136 nostra
1463 2074 1505 2136 sit
1525 2075 1614 2156 quasi
1637 2095 1700 2140 coe-

144 2193 275 2258 quoque
305 2173 418 2237 refecit
444 2189 451 2234 :
477 2172 563 2254 quod
591 2171 707 2234 exinde
732 2189 834 2252 usque
864 2171 896 2233 iu
951 2170 1018 2232 lum
1038 2170 1071 2232 in
1091 2171 1196 2244 terris,
1212 2177 1244 2232 ct
1266 2189 1355 2233 mens
1377 2179 1485 2234 nostra
1504 2171 1545 2235 sit
1567 2173 1701 2238 thronus

144 2291 287 2356 praesens
302 2271 380 2335 iecit
395 2271 428 2332 in
446 2276 511 2334 tota
530 2269 681 2332 militanti
703 2268 844 2331 Ecclesia
863 2267 896 2330 in
951 2269 1007 2332 Dei
1024 2286 1031 2332 :
1048 2268 1159 2351 sicque
1180 2269 1212 2332 in
1232 2269 1321 2331 omni
1341 2276 1469 2345 eventu,
1487 2271 1521 2333 iu
1539 2272 1627 2334 omui
1648 2273 1701 2335 ad·

143 2369 438 2436 innumerabilibus
459 2368 603 2431 millibus
622 2368 800 2431 hominum.
951 2367 1101 2430 versitate
1122 2374 1154 2430 et
1174 2367 1381 2431 tribulatione
1404 2377 1586 2451 perseveret
1610 2389 1701 2434 mens

187 2471 345 2552 Rogemus
370 2469 468 2549 igitur
485 2467 659 2531 Dominum
678 2467 787 2529 lesum
811 2464 897 2528 Chri·
951 2474 1059 2530 nostra
1081 2467 1113 2528 in
1135 2465 1207 2529 luce
1226 2466 1392 2550 sapientia
1411 2475 1570 2543 constans,
1590 2470 1623 2532 in
1642 2470 1703 2533 dis-

144 2577 232 2632 stum
258 2575 293 2630 ut
318 2568 386 2650 ipse
411 2567 497 2630 solus
520 2566 738 2629 indesinenter
758 2583 794 2627 ac
817 2581 896 2646 pure
952 2564 1103 2626 cretionis
1117 2564 1240 2646 judicio
1260 2564 1393 2640 stabilis,
1411 2565 1445 2628 in
1460 2567 1701 2650 contemplatio·

145 2674 259 2749 regnet
274 2667 307 2729 in
323 2665 428 2740 nobis,
444 2672 476 2728 et
491 2671 614 2728 mentes
630 2671 754 2726 nostras
770 2661 898 2744 spiritu·
953 2681 993 2725 ne
1007 2662 1198 2743 jucundans,
1215 2663 1362 2726 voluntas
1378 2681 1506 2747 quoque
1522 2665 1555 2728 in
1571 2666 1701 2730 Deitatis

144 2767 251 2830 alihus
277 2763 415 2848 panibus
444 2765 511 2826 suis
539 2762 674 2826 reticere
700 2778 828 2844 semper
852 2759 897 2821 di·
952 2778 1060 2823 amore
1075 2759 1286 2842 flammigera,
1304 2761 1336 2824 in
1352 2762 1419 2824 zelo
1437 2761 1570 2842 justitiae
1587 2763 1699 2839 libera,

145 2872 272 2948 gnetur.
292 2864 414 2946 Nempe
434 2862 467 2924 in
487 2869 642 2944 quantum
663 2877 845 2942 peccamus,
864 2857 897 2919 in
953 2858 986 2920 in
1011 2858 1108 2922 totius
1134 2858 1209 2922 boni
1234 2857 1354 2922 affectu
1378 2859 1580 2935 fluctisono
1604 2861 1699 2938 lacto,

146 2972 274 3027 tantum
293 2981 356 3026 non
378 2961 533 3034 Christus,
549 2958 605 3022 sed
621 2963 898 3042 peccatumatque
952 2957 1040 3020 venti
1073 2957 1270 3040 passionum,
1299 2958 1456 3021 tumultus
1488 2961 1700 3024 tentationum

145 3063 295 3126 diabolus
313 3066 446 3142 regnant
460 3059 493 3122 iu
508 3057 612 3132 nobis,
629 3075 728 3139 quum
749 3055 828 3119 ratio
843 3071 897 3116 no·
918 3051 1047 3120 Clacile
1069 3055 1338 3119 exsufflabuutur.

146 3170 214 3226 stra
231 3161 294 3223 illis
313 3160 346 3223 iu
365 3166 491 3222 tantum
506 3154 704 3229 succumbat,
721 3152 899 3218 consentiat
994 3155 1137 3238 Denique
1161 3154 1201 3216 de
1225 3155 1285 3218 hoc
1310 3155 1390 3220 coelo
1411 3164 1537 3221 terreno
1561 3157 1703 3240 loquitur

144 3279 186 3323 ac
202 3259 370 3322 ministret.
387 3255 467 3319 Nam
482 3261 518 3318 ut
532 3254 737 3318 beatissimus
752 3252 797 3314 ait
813 3251 898 3334 prin·
954 3253 1112 3318 climacus
1129 3269 1136 3315 :
1153 3252 1404 3318 Firmamentum
1419 3273 1477 3338 pro
1492 3255 1704 3338 pulchritudi-

30 3397 47 3427 ι
62 3395 89 3427 ι,
101 3394 128 3432 ιι,
146 3378 226 3442 ceps
245 3354 482 3439 Apostolorum,
507 3354 534 3417 Α
558 3371 621 3436 quo
639 3351 711 3434 quis
731 3357 898 3434 superatus
954 3371 994 3415 ne
1014 3351 1110 3415 habat
1129 3351 1254 3431 stellas3
1274 3353 1382 3416 anima
1400 3371 1477 3416 varo
1494 3354 1702 3436 impassibilis

145 3455 327 3537 aetholus
350 3460 382 3518 ct
406 3471 517 3517 servus
541 3459 597 3515 est.
622 3449 659 3513 Et
683 3451 830 3533 quamvis
848 3448 899 3511 ab
953 3450 1037 3513 iacta
1054 3449 1101 3532 (id
1124 3457 1174 3514 est
1197 3449 1400 3532 passionibus
1425 3452 1618 3534 dominans),
1643 3472 1703 3536 pro

146 3555 253 3619 solute
277 3551 448 3636 loquendo,
473 3567 537 3613 uon
561 3556 673 3630 regnet
695 3546 841 3610 diabolus
865 3546 898 3608 iu
953 3557 1066 3612 ornatu
1086 3549 1182 3612 hahet
1201 3549 1343 3612 virtutes.
1361 3550 1475 3614 Anima
1493 3553 1566 3615 talis
1585 3553 1702 3617 dramo-

144 3653 279 3719 homine
295 3650 358 3714 nisi
377 3669 435 3734 per
454 3655 621 3732 peccatum
636 3645 780 3720 mortale,
797 3644 899 3707 nihilo
954 3667 1031 3710 num
1048 3648 1305 3732 impugnationes
1320 3655 1415 3731 atque
1430 3651 1562 3714 astutias
1577 3658 1703 3734 reputat

145 3754 258 3818 minus
282 3757 412 3833 propter
431 3747 570 3812 venialia
590 3745 771 3828 aliqualiter
790 3744 823 3807 in
843 3744 898 3806 ho·
955 3746 1057 3810 ludos.
1073 3745 1282 3828 lmpassibilis
1302 3753 1410 3811 autem
1424 3747 1471 3830 (id
1493 3755 1541 3811 est
1560 3749 1610 3813 vir
1631 3768 1702 3833 per·

146 3853 237 3916 mine
257 3850 360 3912 fertur
384 3865 526 3929 regnare,
548 3844 623 3927 quia
645 3851 677 3906 et
699 3842 835 3906 venialia
859 3841 898 3904 ad
953 3843 1068 3920 lectus,
1085 3844 1232 3908 heroicus
1256 3852 1290 3907 et
1312 3845 1455 3926 divinus)
1473 3847 1601 3929 proprie
1625 3848 1703 3912 dici·

147 3949 284 4016 mortale
303 3948 487 4030 disponunt.
953 3952 1016 4019 tur,
1033 3943 1088 4026 qui
1111 3961 1239 4007 carnem
1262 3963 1353 4006 suam
1378 3943 1456 4007 lecit
1476 3945 1703 4029 incorruptibi-

190 4051 269 4113 llinc
284 4047 452 4112 Cassianus
469 4061 507 4106 ex
521 4060 575 4106 ore
590 4040 714 4104 abbatis
728 4039 842 4123 ldoysis
858 4039 900 4103 lo
954 4043 1029 4117 lem,
1045 4042 1106 4107 hoc
1130 4050 1177 4106 est
1201 4041 1420 4106 inviolabilem
1445 4061 1464 4106 a
1488 4045 1638 4126 peccetis,
1659 4046 1703 4110 ita

147 4150 260 4234 quitur
276 4165 283 4210 :
300 4144 441 4228 Expulso
457 4143 601 4206 damone
621 4147 653 4203 et
672 4139 759 4202 vitiis
780 4139 813 4201 in
834 4139 900 4201 ani·
953 4141 1038 4223 quod
1055 4141 1324 4222 concupiscentiis
1340 4157 1404 4204 non
1423 4143 1566 4216 assentit,
1582 4145 1702 4226 passio-

148 4247 265 4314 mabus
296 4243 413 4307 nostris
447 4258 648 4324 nequaquam
679 4237 897 4320 regnantibus,
914 4240 939 4303 h
954 4239 1050 4302 nibus
1066 4256 1129 4301 non
1144 4238 1336 4312 succumbit,
1353 4239 1505 4302 vitiorum
1525 4258 1588 4304 uon
1604 4244 1702 4306 servit

147 4365 285 4430 regnum
315 4343 371 4406 Dei
400 4341 552 4404 fundatur
581 4338 614 4400 in
643 4337 747 4413 nobis,
773 4337 898 4400 dicente
954 4336 1162 4421 corruptioni,
1179 4355 1238 4399 uec
1257 4336 1388 4400 exhibet
1409 4338 1552 4401 membra
1575 4361 1631 4404 sua
1653 4360 1700 4404 ar·
1714 4367 1847 4418 magra.

33 4508 40 4517 ,
62 4445 352 4527 1v11‚Evangelista
376 4459 384 4504 :
407 4441 552 4521 Regnum
575 4437 630 4502 Dci
656 4436 738 4499 intra
759 4454 815 4499 vos
839 4443 896 4498 est.
955 4456 1006 4499 ma
1022 4435 1199 4518 iniquitatis
1214 4443 1355 4517 peccato,
1368 4455 1386 4498 a
1400 4436 1488 4500 vitiis
1502 4438 1586 4518 gula
1600 4447 1631 4502 ct
1646 4441 1702 4504 irn-

147 4549 246 4611 Porro
262 4543 344 4605 iutra
359 4558 416 4603 nos
432 4557 501 4601 esse
517 4555 579 4600 non
594 4543 700 4620 potest
717 4535 780 4596 nisi
800 4535 900 4597 scien·
956 4534 1120 4597 munditia
1135 4533 1264 4617 penitus
1282 4532 1431 4609 abstinet,
1447 4534 1487 4597 ab
1507 4537 1701 4602 exteriorum

146 4646 196 4708 tia
210 4649 266 4706 aut
280 4639 457 4724 ignorantia
471 4637 625 4710 veritatis,
637 4643 670 4697 et
683 4633 825 4697 amicitia
839 4633 900 4695 vir·
955 4632 1208 4714 interiorumque
1229 4650 1382 4694 sensuum
1406 4631 1648 4700 irrefrenatione
1670 4645 1702 4702 θῖ

147 4750 257 4808 tutum
277 4747 332 4804 aut
350 4738 502 4801 vitiorum
520 4753 527 4798 ε
544 4753 601 4818 per
620 4753 692 4816 quae
705 4732 757 4796 vel
776 4731 900 4796 Christo
952 4730 1057 4793 abusu
1082 4747 1115 4792 se
1138 4746 1268 4812 prorsus
1293 4729 1441 4805 custodit,
1459 4741 1600 4797 mentem
1625 4754 1703 4818 quo-

147 4843 205 4908 vel
219 4840 346 4905 diabolo
360 4855 494 4919 reguum
509 4835 543 4898 in
558 4833 650 4897 nobis
666 4849 824 4915 paramus.
842 4831 900 4894 Cu·
954 4849 1017 4912 que
1037 4847 1161 4892 suama
1180 4829 1275 4891 rebus
1296 4829 1410 4891 creatis
1429 4829 1583 4895 abstraxit
1601 4840 1634 4895 et
1652 4854 1704 4898 ex·

146 4943 205 5026 jus
221 4940 308 5023 regni
325 4935 509 5022 qualitatem
524 4931 708 4998 describens
723 4929 899 5013 Apostolus,
954 4928 1073 5002 altavit,
1086 4945 1196 4990 omnes
1212 4946 1324 4990 sensus
1340 4927 1369 4990 ei
1385 4926 1572 5009 subjiciens,
1582 4931 1703 5016 Deiquc

0 5101 7 5116 ,
48 5115 54 5123 ,
93 5084 131 5122 ιι,
148 5041 306 5108 aitzlton
330 5036 416 5100 cuim
443 5051 576 5115 regnum
601 5031 656 5093 Dei
679 5037 727 5093 est
751 5047 822 5091 esca
846 5035 901 5090 aut
955 5026 1058 5090 vultui
1081 5044 1151 5088 earn
1172 5025 1291 5107 jugiter
1311 5033 1551 5108 representans.

150 5147 259 5227 potus,
276 5137 331 5201 sed
352 5133 486 5216 justitia,
502 5139 533 5194 et
555 5149 628 5213 pax,
645 5136 675 5192 et
694 5127 846 5209 gaudium
867 5127 899 5189 in
988 5124 1129 5206 Denique
1144 5123 1217 5186 talis
1232 5141 1337 5186 coram
1350 5124 1413 5187 lleo
1428 5131 1459 5186 et
1473 5124 1652 5191 hominibus
1667 5128 1704 5191 ir·

148 5239 274 5323 Spiritu
289 5236 413 5299 Sancto.
431 5229 490 5305 Qui
505 5246 580 5311 ergo
597 5228 703 5310 justus
722 5233 780 5299 est,
797 5234 828 5287 et
847 5244 902 5308 pa·
956 5222 1242 5305 reprehensibilem
1257 5221 1386 5284 exhibet
1405 5223 1623 5307 semetipsum.
1640 5227 1703 5290 Tri-

146 5357 224 5406 cem
239 5335 334 5399 habet
353 5333 510 5395 internam
526 5346 562 5390 ac
581 5325 733 5408 gaudium
752 5323 900 5408 spiritua·
955 5320 1016 5384 bus
1032 5321 1150 5383 etenim
1168 5319 1280 5396 modis,
1297 5319 1347 5382 vcl
1364 5320 1464 5403 magis
1485 5321 1517 5385 in
1534 5323 1704 5392 tribusde·
1751 5343 1754 5348 ·
