4140 6258
443 469 504 534 aot
646 489 795 539 noxmrca
816 491 870 538 vur
891 491 965 540 rosr
984 490 1179 538 rnrrurarru.
1199 508 1240 520 -·-
1260 491 1302 537 un
1323 490 1497 540 nmrcrosos
1508 493 1517 556 ;
1540 491 1795 550 amoenamus

442 676 577 740 regnum
599 661 767 737 coelorum,
793 662 848 725 sed
870 662 926 745 qui
948 661 1026 724 facit
1047 661 1192 725 voluuta—
1208 661 1232 724 A
1249 681 1379 726 currens
1404 681 1480 746 ergo
1508 663 1558 728 vir
1581 663 1646 738 ille,
1672 663 1834 726 nuntiavit
1862 662 1894 723 in
1916 661 1968 726 vlt

442 763 508 820 tem
529 759 628 822 Patris
648 761 798 824 coelestis.
817 761 884 825 Imo
904 761 1024 843 impius
1045 760 1193 825 Christia-
1247 760 1332 842 quod
1347 761 1481 824 eremita
1495 761 1639 842 veniret;
1655 769 1688 824 et
1705 760 1854 844 protinus
1873 759 1917 822 illi
1929 761 1967 822 vil·

442 874 504 919 nus
529 875 592 920 non
617 858 770 922 obediens
800 859 855 922 Dei
883 859 1062 942 praeceptis,
1090 858 1192 922 multo
1248 857 1310 919 lani
1326 877 1400 920 curn
1418 877 1531 940 magna
1550 859 1728 922 reverentia
1746 863 1911 940 caeperunt
1924 858 1967 920 eri·

442 954 597 1036 majorem
624 964 764 1019 meretur
785 977 822 1020 ac
844 958 994 1020 sortietur
1017 957 1191 1020 damnatio·
1247 954 1335 1018 read
1350 956 1584 1019 occurrendum
1600 955 1753 1031 eremitae,
1766 963 1802 1018 ut
1816 973 1889 1018 cum
1903 956 1965 1018 enni

442 1071 527 1127 nem,
544 1073 640 1136 quam
661 1055 819 1118 infideles.
838 1056 876 1118 lit
895 1063 1014 1138 quanto
1033 1056 1105 1137 quis
1125 1074 1191 1118 ma·
1245 1053 1365 1118 honore
1380 1055 1576 1137 susciperent
1589 1061 1684 1137 atque
1699 1054 1892 1117 deducerent
1905 1072 1964 1116 eun.

439 1149 518 1232 joris
534 1152 687 1227 scientie,
704 1153 868 1217 altiorisve
884 1152 982 1216 fuerit
1000 1154 1116 1235 gradus
1135 1161 1191 1216 aut
1245 1153 1412 1235 Quumque
1434 1153 1568 1216 eremita
1591 1171 1645 1216 cos
1666 1152 1778 1216 venire
1802 1151 1963 1234 adspiceret,

440 1249 573 1325 ordinis,
595 1258 684 1314 tanto
707 1252 861 1333 gravioris
883 1253 943 1316 erit
964 1251 1188 1325 damnationis,
1245 1253 1351 1314 statim
1381 1251 1514 1314 nudavit
1541 1271 1586 1327 se,
1611 1259 1705 1334 atque
1736 1251 1769 1314 in
1797 1268 1880 1334 aqua
1897 1250 1965 1332 juxta

441 1348 466 1410 si
494 1349 659 1430 negligens
689 1357 720 1413 et
744 1351 882 1432 injustus
907 1350 1012 1413 fuerit.
1039 1352 1147 1433 ltaque
1171 1369 1189 1412 a
1244 1369 1339 1432 quam
1355 1349 1453 1424 venit,
1470 1350 1568 1433 coepit
1585 1357 1688 1413 totum
1705 1367 1823 1431 corpus
1838 1348 1964 1412 suumla·

441 1447 509 1510 solo
531 1448 595 1511 Deo
621 1449 746 1512 laudem
769 1456 801 1511 et
822 1449 1044 1512 exaltationem
1071 1466 1189 1531 quera·
1244 1467 1327 1512 vare.
1344 1449 1432 1522 Quod
1451 1449 1527 1511 dum
1547 1467 1565 1510 a
1586 1447 1678 1530 longe
1696 1447 1853 1511 vidissent
1866 1446 1963 1520 villani,

442 1563 526 1619 mus,
543 1563 737 1628 omnemque
752 1545 878 1609 laudem
894 1553 926 1609 et
940 1546 1074 1628 gloriam
1090 1553 1121 1609 et
1135 1547 1189 1608 ho
1243 1547 1393 1610 dixerunt
1419 1547 1457 1610 ad
1487 1547 1626 1610 invicem
1653 1563 1660 1608 :
1686 1546 1822 1610 Sensum
1853 1546 1965 1628 perdidit

441 1660 551 1706 norem
574 1644 686 1706 mundi
708 1662 766 1726 pro
788 1644 890 1707 nihilo
910 1644 1112 1707 arbitremur.
1243 1663 1339 1708 senex
1356 1646 1423 1708 iste.
1441 1645 1496 1706 Vir
1511 1662 1638 1727 quoque
1653 1645 1708 1726 qui
1729 1644 1759 1707 ei
1780 1644 1916 1717 servivit,
1930 1661 1964 1706 ve

479 1740 609 1823 Legitur
630 1742 662 1804 in
684 1743 911 1825 Vitaspatrum,
933 1744 1018 1825 quod
1038 1744 1100 1804 fuit
1119 1743 1189 1824 qui·
1242 1744 1409 1806 hementer
1423 1743 1563 1818 erubuit,
1579 1750 1611 1805 et
1625 1743 1706 1806 dixit
1721 1742 1859 1817 villanis,
1875 1743 1964 1805 flever-

440 1839 512 1902 dam
533 1847 662 1904 sanctus
681 1842 825 1916 eremita,
847 1842 899 1904 cui
919 1842 1014 1904 certis
1036 1841 1187 1923 tempori·
1203 1837 1228 1900 B
1243 1841 1360 1916 timini,
1381 1841 1533 1924 quoniam
1558 1859 1656 1904 senex
1679 1848 1789 1904 noster
1810 1850 1910 1904 mente
1929 1859 1963 1902 er·

439 1938 500 2001 bus
524 1939 704 2002 necessaria
723 1939 796 2002 vitas
820 1940 958 2022 portavit
981 1940 1111 2022 quidam
1137 1939 1186 2001 vir
1242 1940 1356 2018 cessit;
1378 1947 1411 2002 et
1429 1940 1601 2002 redierunt.
1619 1938 1680 2002 Sed
1699 1939 1750 2000 vir
1769 1938 1824 2001 ille
1842 1939 1922 2002 venit
1936 1938 1963 2000 ad

439 2037 601 2101 saecularis
621 2046 653 2101 et
672 2038 788 2113 honus,
805 2039 839 2100 in
859 2038 936 2101 villa
954 2037 1110 2101 habitans.
1128 2037 1188 2111 Qui
1242 2039 1419 2113 eremitam,
1436 2038 1580 2121 dixitque
1599 2039 1629 2100 ei
1647 2056 1654 2100 :
1671 2037 1772 2113 Ahba,
1789 2057 1846 2101 cur
1863 2037 1916 2101 hoc
1933 2037 1963 2100 fe

439 2155 496 2219 per
515 2144 614 2200 totam
634 2136 745 2200 villam
765 2156 855 2200 suam
876 2137 1053 2219 publicavit
1073 2135 1188 2200 sancti·
1243 2136 1338 2199 cistif
1357 2137 1436 2200 Nam
1455 2155 1566 2200 omnes
1588 2136 1738 2200 dixerunt
1759 2155 1767 2199 :
1789 2137 1962 2201 Daemonium

438 2242 535 2298 tatem
554 2236 696 2298 eremita
712 2235 810 2310 illius,
828 2235 871 2298 ita
888 2236 974 2318 quod
994 2234 1079 2298 villae
1098 2233 1187 2296 habi·
1242 2235 1338 2300 habet
1357 2254 1453 2298 senex
1474 2235 1542 2298 ista.
1565 2235 1623 2299 Cui
1642 2236 1778 2298 eremita
1797 2235 1961 2318 respondit:

438 2340 555 2396 tatores
585 2333 677 2397 valde
708 2333 860 2416 optabant
893 2335 1059 2397 eremitam
1093 2332 1185 2395 illum
1242 2334 1280 2395 Et
1294 2351 1352 2415 ego
1371 2333 1432 2396 hoc
1451 2333 1561 2396 audire
1580 2331 1738 2396 volebam.
1755 2333 1795 2395 Et
1812 2333 1899 2396 rediit
1917 2341 1962 2394 sta·

439 2431 635 2514 conspicere.
660 2433 748 2496 Unde
772 2440 804 2494 et
827 2433 877 2496 vir
899 2431 1049 2515 praefatus
1073 2430 1187 2494 eremi·
1241 2431 1299 2494 tim
1320 2433 1358 2495 ad
1378 2450 1522 2494 eremum
1543 2449 1634 2494 suam
1655 2449 1696 2494 ne
1717 2430 1917 2494 honoraretur
1934 2429 1962 2492 ab

438 2536 503 2591 tam
535 2529 627 2592 illum
654 2529 839 2612 frequenter
865 2530 997 2611 rogavit,
1024 2537 1059 2590 ut
1088 2528 1187 2592 semel
1242 2529 1316 2592 illis.

438 2628 476 2690 ad
502 2628 614 2691 villam
638 2628 726 2691 illam
751 2647 809 2711 pro
834 2628 945 2711 populi
974 2627 1187 2692 edificatione
1281 2628 1363 2691 Ecce
1385 2627 1523 2710 qualiter
1544 2627 1646 2690 sancti
1668 2627 1731 2690 viri
1751 2627 1895 2710 fugerunt
1911 2627 1962 2689 lau·

438 2734 470 2790 et
495 2726 705 2790 instructione
729 2727 914 2809 dignaretur
935 2727 1110 2807 accedere3
1131 2727 1186 2789 sed
1241 2727 1296 2790 des
1318 2726 1486 2790 hominum
1508 2733 1541 2788 et
1561 2727 1698 2791 honores
1720 2725 1961 2808 :quantomagis

438 2825 571 2888 eremita
586 2825 641 2888 ille
656 2843 720 2888 non
736 2825 830 2888 facile
845 2825 1007 2908 acquievit
1025 2844 1065 2888 ex
1083 2825 1187 2887 humi·
1241 2843 1299 2888 nos
1320 2824 1511 2906 imperfecti,
1528 2824 1703 2888 defectuosi
1719 2833 1752 2888 et
1765 2824 1878 2898 vitiosi,
1892 2821 1961 2887 onui
2048 2813 2049 2862 ἶ

439 2923 537 2999 litata,
554 2924 706 3006 quoniam
725 2925 874 2988 honorari
891 2924 1029 2987 nolebat.
1046 2924 1187 2987 'landem
1240 2923 1402 3007 vituperio
1423 2941 1460 2986 ao
1483 2930 1642 2987 tormento
1665 2923 1856 3004 dignissimi,
1877 2921 1960 2984 facere

437 3022 588 3105 precibus
609 3023 657 3086 sui
679 3023 724 3106 pii
745 3023 908 3086 servitoris
928 3023 1043 3094 victus,
1061 3023 1187 3104 acquie·
1203 3020 1225 3085 C
1240 3022 1300 3085 hoc
1316 3021 1481 3096 debemus,
1497 3029 1593 3104 atque
1610 3022 1743 3112 adversa
1761 3021 1865 3085 omnia
1880 3039 1960 3102 aqua

436 3119 494 3194 vit,
516 3127 548 3182 et
572 3138 646 3183 cum
671 3119 740 3182 viro
764 3119 820 3183 illc
845 3121 942 3202 coepit
965 3119 1086 3183 venire.
1107 3119 1186 3184 Prae-
1240 3119 1371 3182 nimiter
1391 3117 1571 3182 sustineret
2047 3169 2048 3218 p

880 3487 995 3570 AD
1042 3487 1542 3573 RELIGIOSOS

984 3908 1159 3998 SERMO
1197 3910 1439 4012 QUARTUS

641 4150 680 4196 os
701 4148 891 4196 canonieus
912 4149 1004 4196 vl'rlls
1025 4149 1189 4196 svlrarvms
1210 4149 1247 4195 ΕΤ
1268 4148 1532 4198 coscorrscssrrls
1552 4151 1778 4200 assumendis.

472 4413 562 4477 1³st
571 4409 1181 4489 spir-tiustestimoniumperlzioetspi-
1196 4411 1221 4472 D
1236 4419 1311 4474 sunt
1333 4411 1460 4488 Christi,
1484 4429 1612 4475 carnem
1637 4430 1728 4476 suam
1753 4413 1950 4476 crucifixerunt

486 4513 572 4572 ritui
587 4519 697 4571 nostro
712 4513 799 4590 quod
807 4511 875 4588 fito·
883 4511 947 4572 Dei
956 4529 1078 4570 sumna.
1090 4509 1178 4573 Rom.
1236 4528 1310 4572 cum
1335 4510 1422 4573 vitiis
1451 4519 1483 4573 et
1510 4511 1791 4594 concupiscentiis.
1816 4504 1949 4593 Ergopri

432 4627 498 4684 vni,
516 4607 564 4671 16.
1236 4625 1352 4691 corpus
1374 4627 1467 4672 suum
1491 4609 1626 4692 ejusque
1649 4610 1909 4694 concupiscentias
1927 4611 1949 4666 ct

473 4708 508 4769 ln
533 4705 687 4768 hodierna
714 4705 849 4786 epistola
878 4705 1045 4768 sententiis
1073 4705 1179 4788 plena,
1235 4706 1313 4769 vitia
1337 4723 1401 4770 uon
1426 4707 1631 4790 crucifigunt,
1658 4707 1689 4770 id
1715 4717 1775 4784 est,
1796 4727 1854 4773 non
1876 4702 1950 4788 repri-

432 4808 525 4869 docet
548 4821 605 4867 nos
629 4811 757 4866 sanctus
781 4804 961 4885 Apostolus,
984 4803 1090 4886 primo
1114 4822 1180 4866 car·
1235 4813 1338 4879 munt,
1356 4823 1420 4869 non
1436 4805 1588 4888 affligunt
1606 4824 1643 4869 ec
1663 4807 1807 4884 vincunt,
1822 4824 1877 4870 non
1892 4807 1948 4866 sunt

432 4903 517 4968 nalia
536 4902 614 4966 vitia
634 4901 765 4975 evitare,
788 4902 1063 4984 concupiscentias
1085 4901 1181 4966 refre-
1235 4903 1351 4967 Christi
1374 4904 1597 4986 pergratiam,
1620 4924 1681 4968 nec
1704 4905 1842 4969 membra
1858 4901 1945 4985 ipsius,
2042 4919 2043 4956 i

433 5021 520 5078 nare,
537 5018 602 5064 non
616 4998 796 5074 carnaliter,
812 5000 867 5063 sed
884 5000 1094 5083 spiritualiter
1108 5019 1181 5064 con·
1234 5002 1290 5065 sed
1319 5003 1482 5066 daemonis.
1507 5002 1639 5066 Attende
1669 5004 1749 5080 haec,
1773 5022 1792 5068 ο
1818 5001 1942 5082 religioso

431 5100 561 5166 versari.
583 5099 670 5174 Quod
693 5117 793 5180 quum
814 5099 852 5162 ad
873 5116 1001 5163 omnem
1022 5100 1179 5182 pertineat
1234 5119 1335 5183 quum
1359 5102 1398 5164 de
1422 5101 1585 5183 religionis
1609 5103 1749 5166 essentia
1772 5102 1890 5166 tenuitas
1909 5095 1942 5158 vi·

432 5199 661 5271 Christianum,
679 5197 913 5279 quantomagis
932 5197 971 5260 ad
991 5198 1178 5279 religiosos?
1233 5206 1303 5262 ctus
1320 5199 1575 5283 inseparabiliter
1589 5219 1659 5264 esse
1674 5202 1805 5264 dicatur.
1815 5201 1873 5264 llon
1885 5211 1941 5276 ergo

287 5318 420 5375 caussas
432 5300 516 5364 Alibi
539 5313 679 5380 namque
699 5295 744 5358 ait
764 5295 934 5379 Apostolus
957 5313 964 5360 ε
988 5295 1048 5371 Qui
1071 5303 1179 5360 autern
1233 5317 1330 5382 super
1349 5297 1458 5362 cibum
1478 5305 1511 5361 et
1528 5306 1640 5383 potum
1659 5299 1761 5364 instar
1773 5299 1852 5363 canis
1867 5296 1941 5360 fame
