4164 6258
450 469 511 533 270
672 489 822 538 ooumron
842 490 874 537 vr
895 490 969 538 rosr
989 489 1185 538 rmurrarna.
1204 507 1245 518 -
1266 491 1308 537 nn
1328 489 1526 554 nnnrorosos3
1548 491 1647 538 sunno
1668 489 1783 538 smnus

446 664 620 741 antequam
651 659 823 742 postulent,
852 658 904 723 vel
932 660 1113 722 accedendo
1142 677 1198 722 ve·
1212 663 1238 725 Α
1251 659 1344 741 pejus
1360 660 1561 743 estquidam
1575 668 1640 723 tam
1656 657 1952 741 incircumspectum

448 756 600 839 uiamque
625 758 764 840 rogando
788 777 841 823 eos
868 775 948 841 quos
972 757 1081 832 verbo,
1107 758 1199 839 signo

448 853 572 918 factove
589 856 741 931 laesimus,
759 857 815 919 sed
831 856 963 938 insuper
977 875 1030 919 eos
1046 876 1064 918 a
1080 856 1198 938 quibus

448 951 515 1016 laesi
539 972 652 1016 sumus
675 953 910 1036 praeveniendo,
936 961 969 1016 et
992 954 1079 1016 omni
1105 953 1198 1016 modo

447 1050 540 1114 nobis
562 1051 710 1134 possibili
732 1053 819 1134 ipsos
842 1052 880 1114 ad
903 1071 1015 1134 paoem
1038 1060 1070 1115 el
1090 1051 1199 1114 amiei-

446 1149 524 1212 tiam
544 1160 685 1214 nostram
706 1151 872 1225 trahendo,
889 1159 922 1213 et
942 1151 1024 1213 ultra
1044 1151 1110 1215 haeo
1132 1169 1199 1214 om-

447 1249 501 1310 nia
522 1249 754 1313 benefaciendo
774 1249 905 1312 eisdem.

487 1347 653 1423 Praeterea,
668 1348 695 1410 si
711 1348 774 1410 duo
789 1356 844 1410 aut
858 1348 967 1429 plures
982 1347 1044 1410 sibi
1062 1348 1198 1410 invicem

447 1445 665 1522 ioreleeerint,
682 1448 726 1509 ita
740 1448 825 1529 quod
841 1447 959 1528 singuli
976 1446 1197 1510 remissionem

447 1563 466 1606 a
489 1564 523 1608 se
549 1553 662 1608 mutuo
687 1545 847 1628 postulare
872 1553 1032 1621 leuentur,
1059 1553 1135 1608 tune
1158 1546 1197 1608 ad

448 1644 612 1707 ceritatem
628 1644 908 1727 humilitatemque
923 1652 1054 1727 spectat,
1062 1652 1094 1707 ut
1110 1665 1198 1708 uuus·

448 1741 585 1825 quisque
601 1761 713 1806 eorum
734 1751 867 1806 oonetur
885 1744 1021 1806 alterum
1042 1743 1075 1805 in
1091 1751 1198 1826 peten-

1251 757 1571 822 iuoonsideralissimi
1605 758 1867 840 grossissimique
1897 755 1952 818 nusi·

1252 863 1349 929 stunt,
1367 863 1401 918 ut
1416 856 1563 938 quamvis
1584 875 1696 918 revera
1712 855 1822 929 verbe,
1838 863 1893 918 aut
1904 854 1953 934 signo

1251 961 1307 1015 aut
1334 953 1417 1017 iacto
1447 952 1654 1017 ioreleeeriut
1683 953 1838 1017 iratribus
1866 953 1951 1024 suiset

1251 1051 1510 1134 perturbaverint
1530 1070 1595 1128 eos,
1613 1059 1801 1115 nontamen
1821 1051 1950 1125 advertunt,

1252 1168 1311 1212 nee
1326 1150 1437 1213 volunt
1451 1152 1691 1225 adverteremus
1707 1151 1838 1233 eulpam
1853 1149 1951 1212 suania-

1252 1248 1311 1310 teri
1336 1266 1373 1310 eo
1390 1249 1517 1311 veniam
1540 1248 1696 1330 flagitare,
1719 1249 1774 1312 sed
1799 1248 1832 1311 in
1855 1267 1951 1331 surpu-

1252 1347 1369 1408 sistunt
1383 1347 1511 1422 duritia,
1524 1354 1556 1410 et
1569 1354 1680 1410 contra
1695 1347 1813 1411 Christi
1825 1346 1950 1410 doctrinm

1251 1463 1288 1507 ao
1311 1444 1489 1526 jussionem
1513 1453 1680 1508 transeunt
1702 1446 1742 1508 ad
1767 1444 1879 1518 altare,
1892 1455 1950 1519 orant,

1251 1543 1950 1620 sacrificant,communicant,offeruntetulios

1251 1643 1476 1716 scandalizant,
1492 1651 1524 1706 et
1539 1651 1640 1706 totum
1656 1643 1695 1705 ad
1715 1643 1888 1724 graviorem
1897 1661 1948 1704 sun

1252 1742 1681 1805 damnationem.Advertaut
1695 1742 1729 1804 bi
1746 1741 1844 1804 verba
1860 1741 1948 1822 Gregorii

2022 1599 2025 1697 l

2021 1750 2023 1831 v

447 1842 488 1905 do
504 1843 632 1905 veniam
648 1850 680 1904 et
694 1842 930 1916 satisfaciendo,
947 1843 973 1904 si
993 1842 1101 1924 exigit,
1119 1861 1196 1925 prae-
1211 1840 1235 1902 B
1252 1841 1336 1904 eirca
1351 1840 1448 1904 verba
1464 1841 1518 1902 illa
1532 1840 1683 1924 Apostoli,
1691 1841 1748 1904 Pro
1762 1840 1881 1903 Christo
1889 1839 2023 1935 legium-a,

447 1941 635 2014 venire.0ui
650 1948 757 2004 autem
773 1940 872 2002 alium
888 1940 969 2004 laesit
983 1940 1196 2023 obloquendo,
1251 1938 1654 2021 oneiungimur,tanquam
1667 1938 1948 2019 Deoexhortauteper
2020 1938 2022 2017 l

449 2047 576 2101 tenetur
596 2039 626 2101 ei
649 2040 817 2102 restituere
838 2039 967 2101 lamam.

497 2138 557 2200 Sed
591 2138 675 2200 inter
703 2138 771 2202 hec
803 2137 1043 2212 consideranda,
1074 2138 1139 2202 imo
1167 2146 1199 2201 et

451 2235 646 2316 deploranda
677 2244 725 2298 est
758 2236 886 2310 duritia,
920 2236 1116 2311 animositas,
1148 2237 1197 2299 in-

450 2333 612 2408 diseretio,
629 2335 797 2398 exoaeoatio
816 2343 912 2418 atque
928 2335 1119 2417 perversitas
1142 2334 1198 2396 ali·

450 2449 600 2513 quorum,
618 2433 673 2513 qui
695 2432 848 2496 iaeillime
870 2432 1090 2506 offenduntur,
1107 2440 1138 2494 et
1159 2432 1199 2494 ad

450 2528 552 2592 veniae
582 2530 826 2611 postulationem
853 2529 1005 2593 dillioiles
1033 2530 1200 2592 inveniun-

450 2635 511 2689 tur.
529 2627 587 2701 Qui
608 2645 671 2690 non
692 2629 794 2691 solum
817 2647 880 2691 nou
901 2636 1013 2690 curant
1035 2627 1200 2709 injuriato-

451 2745 501 2788 res
516 2745 589 2789 suos
606 2725 667 2789 sibi
683 2727 901 2801 reconciliare,
918 2727 1105 2809 prevenire,
1118 2727 1199 2789 mul-

450 2843 530 2898 cere,
538 2824 592 2887 sed
608 2825 718 2888 induci
732 2826 786 2889 vix
802 2834 923 2908 queunt
938 2833 971 2886 ut
985 2823 1024 2887 ab
1041 2825 1199 2906 injuriatis

450 2929 482 2986 et
497 2922 579 2986 laesis
594 2941 612 2984 a
632 2941 666 2986 se
681 2925 808 2986 veniam
824 2925 1048 3006 deprecentur,
1064 2931 1095 2986 et
1113 2923 1197 3005 quod

1251 2057 1320 2113 uos,
1332 2037 1538 2101 obsecremus
1553 2055 1611 2119 pro
1627 2037 1763 2111 Christo,
1775 2037 1949 2100 reconciliaui-

1252 2136 1285 2199 ni
1301 2137 1365 2199 Deo
1379 2153 1386 2197 :
1401 2135 1482 2198 Eeee
1499 2135 1672 2218 peeeaudo,
1682 2135 1767 2198 inter
1782 2135 1874 2198 Deum
1884 2141 1904 2196 et
1914 2152 1946 2196 uos

1253 2234 1438 2297 inimicitias
1454 2241 1485 2297 et
1499 2233 1674 2296 discordias
1689 2233 1840 2308 fecimus,
1850 2241 1873 2296 et
1884 2241 1946 2295 uuen

1253 2340 1288 2394 ut
1302 2333 1332 2395 ei
1348 2330 1605 2406 reconciliemur,
1623 2331 1760 2414 ipsemet
1774 2348 1832 2394 nos
1846 2331 1944 2392 bortatur.

1254 2429 1427 2493 Erubescat
1441 2448 1515 2510 ergo
1532 2430 1674 2492 bumana
1690 2429 1850 2511 superbia,
1863 2427 1947 2491 conluu-

1253 2529 1345 2590 datur
1369 2527 1602 2610 uuusquisque,
1627 2527 1653 2590 si
1676 2545 1741 2590 nou
1769 2527 1852 2609 prior
1868 2524 1945 2588 salisia-

1254 2627 1316 2689 eiat
1339 2627 1496 2709 proximo,
1518 2645 1618 2708 quum
1642 2625 1764 2707 etipse
1784 2623 1946 2708 quioiiensus

1254 2733 1312 2800 est,
1337 2733 1373 2787 ut
1401 2725 1430 2788 ei
1455 2723 1654 2788 reconciliari
1679 2724 1855 2798 debeamus,
1875 2720 1945 2802 legatis

1254 2822 1543 2886 intervenientibus
1557 2821 1704 2885 obsecret
1718 2822 1810 2884 Deus.
1826 2821 1870 2885 Cui
1881 2820 1947 2881 bonu

1252 2929 1284 2984 et
1304 2921 1405 3003 gloria
1426 2921 1459 2983 in
1480 2928 1645 2984 aeternum.
1667 2921 1780 2983 Amen.
