4206 6258
419 491 481 556 654
626 511 774 560 homulus
794 512 856 559 XXV
877 511 951 561 Post
971 509 1166 558 tumtum.
1186 527 1227 538 -
1248 511 1291 557 Ab
1310 511 1506 578 sceleroso&
1528 514 1627 562 Sfflo
1647 515 1772 563 mutus

423 680 538 744 bemus
566 699 624 746 nos
648 701 755 746 coram
784 681 849 747 Deo
874 681 1171 765 irreprehensibiles
1186 679 1212 745 Α
1228 683 1382 760 mitatem,
1399 685 1642 769 turpitudinem,
1654 684 1918 749 inordinationem
1930 704 1964 748 ac

423 779 585 856 exhibere,
601 781 753 845 videlicet
777 781 809 844 in
833 781 982 864 cogitatu,
998 780 1118 844 affectu
1140 787 1172 843 et
1226 780 1394 858 vilitatem,
1411 791 1441 847 et
1457 783 1597 848 maxime
1616 783 1819 866 inquantum
1839 781 1963 846 inbono

424 876 611 954 intentione,
628 886 663 942 ut
678 879 719 942 sit
734 879 883 961 cogitatio
898 887 1006 942 sancta
1024 886 1057 941 ct
1070 878 1170 953 utilis,
1227 880 1327 944 rativa
1346 889 1396 946 est
1417 882 1591 964 majestatis
1612 883 1739 956 divine,
1755 900 1793 944 ae
1813 881 1964 944 offensira

421 973 552 1039 affectio
573 996 654 1059 pura
673 984 705 1041 et
724 977 911 1060 spiritualis,
928 977 1064 1040 intentio
1085 983 1171 1039 recta
1227 981 1403 1044 sanctitatis
1422 999 1589 1063 supreme.
1606 981 1735 1064 Propria
1754 997 1880 1062 quoque
1900 997 1965 1061 pec·

421 1093 458 1136 ac
474 1074 608 1138 stabilis.
625 1075 677 1138 Sic
692 1083 725 1138 et
739 1093 846 1138 coram
866 1074 1052 1140 hominibus
1067 1074 1100 1137 in
1116 1075 1170 1137 tri·
1227 1085 1295 1140 cata
1315 1078 1347 1140 in
1367 1077 1460 1142 nobis
1480 1079 1559 1162 ipsis
1579 1078 1849 1162 reprehendamus
1867 1096 1905 1140 ac
1924 1078 1965 1140 ul

421 1172 482 1236 bus
507 1173 590 1237 bona
614 1173 850 1257 provideamus,
875 1181 951 1258 puta
973 1191 980 1236 :
1001 1173 1033 1236 in
1059 1173 1170 1236 babitu
1225 1175 1386 1239 ciscamur
1399 1176 1552 1258 quotidie.
1561 1175 1600 1238 Et
1614 1177 1658 1240 ita
1669 1194 1799 1258 agamus
1812 1175 1963 1256 judicium
1972 1195 2058 1238 rm:

421 1289 478 1334 seu
493 1271 649 1348 vestibus,
666 1291 706 1335 ue
721 1273 785 1335 sint
799 1272 950 1351 curiosae3
967 1272 1000 1334 in
1016 1271 1171 1354 operatio·
1225 1274 1448 1358 justitiamque
1470 1276 1502 1338 in
1527 1283 1619 1350 terre,
1636 1274 1858 1357 dijudicantes,
1874 1275 1965 1338 corri-

421 1369 529 1445 nibus,
546 1389 586 1434 ne
602 1371 666 1434 sint
681 1371 800 1435 illicitae
809 1389 818 1451 ;
835 1371 867 1434 in
887 1370 1113 1444 locutionibus,
1131 1387 1171 1432 ne
1227 1372 1351 1454 pientes
1365 1391 1403 1434 ac
1418 1373 1608 1455 castigantes
1623 1389 1680 1436 uos
1696 1372 1782 1454 ipsos
1795 1371 1919 1435 assidue
1933 1372 1963 1434 in

422 1469 487 1531 sint
507 1469 721 1534 infructuose.
739 1470 906 1552 Quumque
927 1469 1008 1532 nihil
1027 1469 1070 1531 sit
1088 1468 1172 1550 cogi·
1226 1488 1301 1534 vera
1321 1471 1530 1550 discretione3
1547 1471 1601 1534 sed
1621 1479 1653 1534 et
1671 1470 1853 1554 proximum
1874 1489 1963 1532 suum

421 1574 487 1631 tatu
508 1568 645 1644 facilius,
662 1588 699 1632 ac
719 1568 972 1652 copiosissimam
996 1567 1171 1631 habeamus
1227 1569 1378 1652 corripiat
1402 1569 1624 1652 unusquisque
1648 1569 1812 1632 caritative
1836 1575 1866 1631 et
1888 1569 1964 1631 ordi-

422 1667 588 1731 materiam
616 1667 775 1749 cogitandi
802 1668 841 1730 de
871 1666 1108 1750 pertinentibus
1133 1666 1171 1729 ad
1227 1675 1309 1730 nate.
1322 1668 1360 1730 Et
1374 1669 1527 1751 quoniam
1544 1668 1666 1731 domini
1681 1668 1851 1750 sapientes,
1862 1685 1964 1730 servos

421 1767 568 1841 salntem,
595 1775 705 1850 utpote
734 1767 773 1829 de
801 1767 867 1830 Deo
895 1767 1114 1848 omnipotente
1140 1774 1172 1829 et
1226 1766 1386 1848 sapientes
1407 1765 1545 1830 libenter
1563 1765 1683 1830 babent
1700 1785 1738 1828 ac
1755 1766 1901 1847 diligunt,
1916 1785 1964 1828 cx·

421 1866 510 1928 omni
525 1866 724 1940 excellentia,
741 1865 938 1949 perfectione
952 1885 989 1928 ac
1004 1865 1171 1928 beatitudi-
1185 1865 1209 1928 B
1226 1865 1394 1928 bibeamus
1409 1883 1467 1929 nos
1481 1884 1589 1929 servos
1604 1866 1765 1948 sapientes
1779 1865 1965 1948 sapientissi-

420 1964 558 2046 noejus,
575 1964 1172 2047 deuniversisbeneficiisetpromis·
1226 1965 1270 2027 mi
1295 1964 1423 2040 Christi,
1450 1972 1485 2026 ut
1508 1964 1541 2027 in
1564 1964 1677 2046 primis
1701 1965 1786 2028 dono
1809 1964 1964 2047 sapientie

421 2062 464 2125 sis
480 2063 593 2146 ipsius,
609 2063 649 2126 de
664 2063 843 2145 preceptis,
860 2063 1002 2126 consiliis
1018 2070 1050 2125 et
1064 2063 1170 2145 probi·
1225 2063 1424 2137 decoremur,
1439 2070 1535 2146 atque
1555 2081 1611 2145 per
1627 2062 1706 2125 illud
1727 2062 1828 2125 Deum
1842 2069 1874 2125 et
1886 2062 1964 2126 bona

423 2160 599 2224 bitionibns
629 2161 711 2243 ejus,
736 2162 775 2225 de
800 2161 960 2244 mysteriis
986 2161 1114 2236 Christi,
1140 2169 1172 2224 et
1225 2168 1342 2224 aetema
1359 2179 1432 2223 cum
1454 2161 1570 2224 mentis
1590 2160 1760 2224 dulcedine
1778 2179 1920 2224 amorosa
1936 2168 1965 2223 et

420 2260 538 2336 verbis,
556 2260 720 2334 doctrinls,
738 2261 1103 2336 miraculis,sanctitate,
1120 2278 1171 2342 ge·
1226 2259 1387 2322 uberrime
1417 2259 1683 2342 contemplemur,
1715 2260 1831 2324 deinde
1861 2261 1965 2322 notitia

421 2359 478 2422 stis
493 2368 526 2422 et
540 2360 687 2441 passione
703 2359 815 2442 ipsius,
832 2359 872 2422 de
888 2359 1017 2442 propria
1032 2359 1169 2422 vocatio·
1225 2376 1322 2422 sacrae
1344 2356 1526 2439 Scripturae,
1541 2357 1633 2438 juxta
1654 2357 1748 2439 cujus
1769 2357 1963 2434 documenta,

420 2475 462 2519 ne
482 2464 514 2518 et
535 2475 630 2520 eausa
651 2475 758 2520 coram
776 2456 950 2532 Altissimo,
968 2458 1007 2521 de
1027 2458 1076 2521 his
1099 2477 1170 2540 ques
1224 2462 1393 2538 praecepta,
1418 2455 1551 2518 consilia
1575 2471 1633 2518 nos
1657 2455 1744 2538 ipsos
1768 2457 1802 2519 in
1823 2457 1964 2520 omnihus

420 2556 504 2618 Deus
534 2555 669 2638 requirit
691 2574 709 2618 a
735 2555 840 2630 nobis,
866 2557 905 2618 de
934 2556 1169 2620 examinatione
1225 2553 1411 2635 dirigamus,
1441 2571 1480 2616 ex
1512 2572 1576 2636 qua
1605 2554 1702 2617 etiam
1734 2555 1964 2638 contemplandi

419 2654 624 2717 conscientie
645 2662 676 2716 et
698 2654 897 2717 discussione
923 2654 1059 2736 propriae
1083 2655 1167 2730 vite,
1225 2652 1389 2715 materiam
1405 2660 1437 2714 et
1452 2652 1605 2735 diligendi
1621 2651 1755 2716 formam
1770 2654 1962 2737 accipiamus

420 2753 459 2815 de
474 2752 625 2816 omnibus
641 2771 711 2836 quae
726 2752 759 2814 in
775 2752 948 2834 Scripturis
964 2752 1082 2815 sanctis
1097 2771 1169 2816 con·
1223 2751 1338 2832 Sicque
1351 2749 1442 2832 juxta
1460 2750 1634 2834 apostoliea
1647 2751 1858 2828 hortamenta,
1874 2754 1904 2816 in
1921 2773 1964 2816 sa·
1983 2776 2058 2820 teau:

420 2859 507 2914 tenta
531 2859 616 2926 sunt,
633 2859 665 2914 et
688 2852 727 2914 de
748 2851 933 2927 virtutibus,
950 2851 1102 2934 operibus
1126 2859 1169 2914 at·
1223 2849 1344 2932 pientia
1362 2849 1565 2912 ambulemus
1585 2850 1624 2912 ad
1644 2851 1769 2933 eosqui
1789 2851 1867 2915 foris
1884 2843 1991 2926 sunt,²

420 2968 482 3032 que
508 2949 671 3013 miraculis
695 2956 823 3031 patrum
847 2956 1028 3012 nostrorum
1056 2967 1063 3012 :
1091 2949 1168 3032 quid
1223 2955 1258 3010 nt
1273 2948 1356 3011 lleus
1372 2967 1429 3031 per
1450 2966 1558 3012 servos
1577 2967 1652 3012 suos
1670 2949 1872 3031 glorificetur
1889 2952 1963 3014 etin

420 3049 567 3131 estquod
582 3047 733 3111 omnibus
748 3048 799 3111 his
819 3047 951 3123 relictis,
968 3066 1049 3111 vana
1064 3055 1096 3111 ct
1114 3047 1168 3110 fri·
1183 3047 1205 3114 C
1222 3046 1268 3110 eis
1285 3046 1442 3122 laudetur,
1459 3047 1624 3130 simusque
1639 3047 1743 3111 bonus
1762 3049 1841 3112 odor
1855 3049 1963 3114 Christi
1987 3071 2062 3117 mea

420 3147 503 3222 vola,
529 3146 625 3210 stulta
648 3154 680 3209 et
705 3146 831 3210 inutilia
860 3147 1047 3228 cogitamus,
1073 3154 1105 3210 et
1128 3166 1167 3210 ex
1223 3143 1256 3207 in
1271 3145 1359 3208 omni
1375 3144 1453 3209 loco.
1471 3145 1532 3210 Sed
1547 3152 1578 3208 et
1598 3165 1703 3210 sermo
1722 3155 1831 3212 noster
1846 3137 2064 3240 semperffi
2086 3183 2087 3216 ;

418 3245 610 3328 cogitatione
625 3265 723 3328 prava
737 3246 776 3308 ad
796 3244 953 3309 desideria
971 3245 1110 3308 labimur
1123 3246 1169 3308 ri·
1224 3243 1256 3306 in
1278 3244 1379 3326 gratie
1397 3244 1464 3308 sale
1487 3244 1651 3327 sapientia
1673 3245 1714 3308 sit
1736 3247 1894 3323 conditus,
1909 3263 1992 3310 nece

420 3345 523 3408 tiosal
538 3345 583 3408 Ne
604 3361 679 3425 ergo
702 3343 858 3406 inutiliter
879 3361 1085 3426 occupemur,
1101 3361 1168 3407 om·
1222 3341 1422 3425 proferamus
1446 3344 1530 3425 quod
1557 3345 1745 3426 quempiam
1768 3346 1963 3420 scandalizet,

420 3443 607 3526 nipotentis,
642 3442 744 3506 sancti
778 3451 810 3504 et
842 3441 1167 3524 supersapientissimi
1223 3442 1279 3504 sed
1294 3441 1397 3505 solum
1418 3443 1504 3524 quod
1523 3441 1690 3505 audientes
1708 3442 1858 3508 edificet.
1873 3444 1964 3525 Roge-

419 3542 476 3605 Dei
492 3541 693 3624 presentiam
707 3540 826 3622 jugiter
842 3539 1043 3615 meditemur,
1055 3549 1090 3603 ut
1105 3542 1169 3604 sint
1224 3559 1295 3602 mus
1315 3556 1442 3622 quoque
1463 3539 1635 3602 Dominum
1657 3548 1693 3603 ut
1714 3540 1857 3624 linguam
1879 3541 1965 3605 nohis
1986 3561 2050 3608 nar

272 3665 406 3718 ramera.
419 3640 506 3704 oculi
527 3640 625 3702 nostri
646 3655 773 3722 semper
792 3639 831 3702 ad
855 3638 1038 3714 Dominum,
1058 3639 1090 3702 in
1116 3658 1167 3702 cu·
1223 3636 1526 3711 tribuateruditam,
1543 3637 1710 3701 scientiam
1725 3639 1965 3714 salutarem,co
2085 3705 2086 3710 ,

418 3739 471 3820 jus
491 3737 609 3799 intuitu
624 3736 850 3800 erubescamus
866 3736 1065 3800 committere
1080 3737 1169 3820 qnid·
1224 3735 1310 3818 piam
1342 3734 1529 3798 exhortandi
1563 3735 1736 3799 salubriter
1765 3736 1963 3802 efficacem:
2085 3727 2086 3782 l

420 3853 516 3919 quam
550 3835 700 3897 illicitum
730 3835 797 3898 sive
833 3836 980 3898 omittere
1011 3835 1165 3898 debitum.
1223 3839 1380 3914 quatenus
1402 3834 1598 3916 quicumque
1618 3835 1806 3918 quempiam
1828 3845 1964 3900 nostrum

419 3935 542 4009 Quanto
564 3933 693 3996 Creator
714 3934 838 3996 cunctis
859 3934 1045 3997 hominibus
1067 3934 1169 4016 major
1223 3931 1402 4006 accesserit,
1412 3931 1589 3995 edificatus
1604 3933 1763 4015 discedat3
1779 3936 1835 4017 qui
1850 3935 1966 3998 venerit

419 4034 525 4097 estin
553 4032 721 4115 sapientia,
747 4033 914 4096 sanctitate
943 4041 975 4095 et
1002 4033 1165 4114 dignitate,
1221 4030 1394 4106 desolatus,
1425 4030 1518 4093 abeat
1546 4031 1752 4113 consolatus3
1781 4034 1837 4116 qui
1867 4041 1964 4096 mente

418 4137 507 4195 tanto
528 4130 601 4213 plus
622 4131 877 4194 verecundemur
896 4148 1002 4195 coram
1024 4131 1095 4212 ipso
1115 4130 1168 4194 ha·
1222 4127 1407 4191 vulneratus
1436 4128 1629 4210 aggreditur,
1657 4137 1788 4194 curatus
1817 4132 1965 4214 regredia-

419 4229 495 4294 berc
518 4247 576 4294 nos
601 4229 717 4305 viliter,
738 4229 895 4305 acediose,
916 4229 1063 4312 turpiter,
1084 4230 1168 4294 inor-
1182 4229 1207 4293 D
1223 4233 1283 4290 tur.
1302 4227 1341 4289 Et
1357 4226 1401 4290 ita
1418 4225 1527 4290 verbis
1546 4235 1579 4290 ct
1597 4227 1692 4291 fectis
1710 4247 1749 4291 ac
1769 4229 1910 4294 moribus
1928 4229 1964 4292 ai·
2084 4243 2085 4252 ¹

419 4329 535 4391 dinato.
1224 4344 1296 4388 mus
1310 4325 1467 4408 proximis
1482 4326 1965 4412 exemplares,atqnenosipsos

272 4456 405 4509 nanus.
460 4425 734 4491 Postremollavid
755 4443 885 4508 germen
903 4426 1038 4508 justum,
1054 4426 1166 4490 videli·
1223 4443 1329 4488 coram
1357 4425 1468 4488 ludice
1497 4443 1625 4490 summo
1651 4425 1815 4504 nobiliter,
1838 4429 1898 4493 hoc
1921 4437 1965 4493 est

421 4534 471 4590 cet
486 4526 646 4590 Christum
662 4541 793 4606 prorsus
805 4524 1032 4605 justissimum,
1044 4525 1077 4588 in
1092 4543 1168 4588 vera
1222 4525 1384 4607 sapienter
1398 4531 1431 4587 et
1445 4525 1596 4600 virtuose,
1613 4525 1646 4588 in
1662 4528 1788 4590 cunctis
1806 4527 1963 4602 habentes,
2083 4599 2084 4608 χ

419 4631 579 4688 sectemur
591 4623 727 4705 justitia,
743 4641 872 4686 omnem
893 4624 1035 4688 odientes
1055 4623 1168 4707 impie·
1223 4631 1255 4686 et
1269 4623 1376 4706 ipsum
1391 4643 1519 4707 semper
1534 4625 1566 4687 in
1579 4625 1733 4689 omnibus
1748 4628 1824 4690 totis
1837 4645 1964 4710 precor·

415 4731 518 4787 tatem
540 4729 572 4786 ct
592 4722 720 4804 culpam
740 4721 781 4785 ob
802 4722 964 4805 propriam
986 4722 1056 4804 ejus
1078 4739 1168 4786 enor·
1223 4722 1284 4785 diis
1306 4729 1338 4786 et
1358 4722 1433 4786 totis
1453 4723 1578 4787 viribus
1599 4723 1806 4789 honorantes.
