4288 6264
423 479 464 544 54
631 503 780 551 bombica
801 505 875 550 POST
895 503 1106 550 ascanstortntt
1128 503 1245 550 DOlssNl.
1266 523 1306 532 -
1327 503 1502 550 annuntiato
1523 503 1555 548 ΙΝ
1577 502 1772 550 nathanain!

426 671 533 746 Porro,
551 675 636 756 quod
655 675 753 749 addit,
771 699 787 735 u
803 697 820 739 a
835 677 924 739 Patre
939 700 968 751 n,
985 676 1101 758 exponi
1122 694 1174 757 po
1189 675 1215 737 A
1229 679 1316 747 estis,
1325 677 1355 738 id
1372 676 1477 749 est,ah
1492 677 1623 739 exordio
1639 673 1871 758 praedicationis
1888 690 1972 745 mere,

427 779 490 833 test
511 773 693 855 dupliciter.
715 776 819 839 Primo
840 777 887 838 sic
905 777 1027 849 :Quem
1050 776 1173 837 mittam
1230 775 1308 835 mihi
1324 774 1480 837 stabiliter
1494 774 1679 847 adhaesistis,
1687 780 1718 835 et
1731 772 1866 835 audistis
1881 769 1975 832 rerba

427 870 520 933 vobis
535 890 553 933 a
567 873 824 956 Patre,tanquam
840 894 858 937 a
874 874 961 937 tonte
976 875 1015 936 de
1030 893 1094 956 quo
1110 874 1176 956 Spi-
1230 891 1310 946 mea,
1327 882 1359 934 θῖ
1378 891 1474 954 opera
1494 891 1565 936 mea
1583 891 1619 935 ac
1640 871 1795 934 miracula
1814 869 1976 950 conspexi-

428 969 509 1030 ritus
525 969 657 1033 Sanctus
673 972 824 1054 procedit.
836 972 981 1035 Secundo
997 972 1043 1050 sic
1056 989 1062 1033 :
1075 973 1174 1045 Quem
1229 970 1286 1032 stis
1304 988 1311 1031 :
1329 969 1400 1032 ideo
1416 971 1492 1032 estis
1509 970 1614 1032 idonei
1630 977 1735 1031 testes.
1748 968 1829 1030 Hinc
1843 969 1975 1029 loannes

428 1067 552 1129 mittam
568 1067 659 1131 vobis
673 1089 691 1131 a
706 1071 806 1144 Patre,
824 1071 855 1132 id
871 1078 920 1132 est
934 1072 1051 1133 virtute
1067 1071 1175 1132 divina
1230 1067 1262 1130 in
1284 1068 1414 1130 exordio
1436 1068 1548 1150 primae
1571 1088 1636 1130 suae
1656 1067 1831 1139 Canonicae‚
1850 1063 1975 1126 certitu-

428 1184 523 1246 quam
540 1185 598 1248 per
612 1169 849 1249 generationem
865 1178 1015 1232 aternam
1032 1170 1175 1251 accepia
1230 1167 1337 1230 dinem
1352 1167 1534 1249 apostolicae
1549 1166 1781 1248 predicationis
1799 1183 1856 1226 sou
1872 1170 1974 1226 conte-

426 1263 524 1326 Patre.
543 1263 641 1328 Filius
664 1285 801 1347 namque
824 1267 920 1329 habet
940 1287 958 1330 a
981 1268 1070 1330 Patre
1090 1269 1174 1348 quod
1229 1265 1373 1328 stationis
1395 1264 1572 1338 insinuem,
1589 1264 1632 1326 ait
1649 1281 1656 1326 :
1673 1264 1760 1337 Quod
1781 1262 1972 1335 audivimus,
1999 1275 2085 1321 riuus,

427 1360 564 1442 Spiritus
580 1363 713 1426 Sanctus
728 1384 746 1426 a
760 1383 794 1426 se
809 1364 1002 1427 aeternaliter
1019 1365 1173 1448 procedit,
1229 1364 1314 1445 quod
1330 1363 1469 1425 vidimus
1483 1363 1585 1425 oculis
1601 1362 1729 1435 nostris,
1745 1360 1830 1443 quod
1851 1379 1975 1442 pcrspe-
1988 1344 2028 1390 ¹⁸³·

426 1477 463 1521 ac
484 1460 703 1542 temporaliter
724 1461 871 1524 mittitur.
1230 1462 1346 1534 ximus,
1367 1470 1398 1523 et
1424 1479 1535 1523 manus
1559 1467 1674 1522 nostre
1699 1465 1914 1520 tractaverunt
1937 1459 1975 1519 dc

469 1559 657 1640 «Spiritum
679 1559 822 1623 veritatis
837 1582 866 1636 n,
891 1561 923 1623 id
947 1569 996 1624 est
1020 1561 1173 1644 Spiritum
1230 1559 1333 1621 Verbo
1356 1559 1439 1632 vitae,
1456 1558 1541 1639 quod
1563 1557 1703 1620 vidimus
1728 1565 1760 1618 et
1783 1556 1976 1628 audivimus,

428 1675 549 1731 meum,
561 1659 617 1739 qui
632 1677 703 1720 sum
721 1659 835 1721 veritas
850 1668 882 1720 ct
896 1659 1052 1741 sapientia
1066 1661 1172 1723 Patris.
1230 1657 1458 1719 annuntiamus
1479 1656 1580 1718 vobis.
1950 1731 1954 1738 .

429 1755 517 1818 l'nde
536 1755 575 1818 de
595 1756 715 1838 Spiritu
735 1757 850 1820 Sancto
868 1757 986 1820 dicitur
1004 1759 1044 1819 ad
1067 1759 1177 1820 lloma-
1271 1756 1331 1817 Sed
1352 1757 1418 1815 bec
1439 1760 1564 1814 locutus
1583 1775 1654 1814 suin
1675 1756 1761 1814 cobis
1782 1753 1822 1815 dc
1842 1753 1978 1816 adventu

281 1871 413 1924 noemia.
430 1871 487 1915 nos
505 1871 512 1915 ε
529 1853 560 1916 Si
583 1854 655 1936 quis
677 1854 832 1936 Spiritum
850 1856 965 1918 Christi
986 1874 1048 1918 non
1069 1856 1174 1930 hahet,
1191 1857 1214 1918 B
1232 1853 1369 1934 Spiritus
1398 1852 1515 1926 Sancti,
1539 1859 1571 1914 et
1599 1852 1670 1914 aliis
1701 1851 1821 1924 multis,
1848 1861 1885 1910 ut
1915 1871 1979 1910 uon

429 1950 482 2014 hic
503 1970 566 2014 non
586 1961 635 2015 θεῖ
653 1953 733 2033 ejus.
752 1954 873 2014 Dicitur
892 1972 1019 2036 quoque
1039 1955 1176 2036 Spiritus
1231 1952 1514 2020 scandalizemini,
1536 1950 1568 2011 id
1592 1957 1650 2022 est,
1672 1958 1707 2012 ut
1731 1967 1793 2011 non
1819 1947 1937 2013 cadatis
1961 1967 1979 2008 a

429 2049 573 2124 Sanctus,
590 2050 727 2131 Spiritus
743 2051 896 2124 veritatis,
910 2053 985 2132 quia
999 2060 1031 2113 et
1046 2053 1114 2133 ipse
1130 2061 1176 2114 est
1232 2048 1296 2110 lide
1312 2057 1343 2111 et
1356 2049 1481 2129 justitia
1503 2056 1645 2130 tempore
1665 2047 1907 2129 persecutionis,
1923 2047 1977 2108 scd

428 2147 640 2210 essentialiter
658 2148 793 2226 veritas3
810 2156 859 2211 est
880 2149 975 2211 etiam
996 2167 1129 2211 examen
1146 2158 1177 2211 θῖ
1232 2147 1316 2210 lirmi
1332 2147 1401 2208 sitis
1417 2147 1617 2228 etpatientcs
1633 2145 1763 2208 inomni
1780 2145 1977 2216 adversitate,

428 2246 537 2308 doctor
559 2246 656 2307 totius
676 2246 828 2308 veritatis.
848 2267 864 2305 u
880 2246 938 2319 Qui
961 2266 980 2308 a
999 2247 1088 2308 Patre
1106 2266 1176 2328 pro·
1232 2265 1270 2307 cx
1287 2244 1553 2326 promissionibus
1569 2252 1598 2306 ct
1619 2242 1889 2306 consolationibus
1910 2241 1979 2304 istis

428 2343 555 2404 cedit».
573 2343 637 2405 Hoc
658 2361 721 2405 non
743 2343 787 2405 ait
807 2343 904 2406 Filius
924 2363 981 2426 per
1000 2345 1049 2406 sui
1070 2345 1176 2406 exclu-
1231 2362 1310 2423 quas
1334 2342 1417 2404 laoio
1441 2342 1542 2405 vobis.
1564 2343 1791 2418 Verumtamen
1817 2349 1888 2422 post
1912 2341 1977 2402 hac

428 2440 563 2514 sionem,
580 2440 635 2502 sed
656 2459 696 2502 ne
711 2441 874 2503 videretur
894 2441 1071 2504 insinuasse
1092 2444 1175 2524 quod
1233 2441 1328 2503 rerba
1344 2441 1543 2502 scandalizati
1561 2440 1691 2501 fuerunt
1706 2439 1847 2520 Apostoli
1862 2440 1900 2501 ad
1917 2456 1981 2500 mo·

428 2537 566 2620 Spiritus
582 2539 714 2601 Sanctus
729 2558 748 2600 a
763 2558 808 2612 se,
825 2547 856 2601 et
877 2557 939 2601 non
955 2559 973 2601 a
988 2541 1088 2614 Patre,
1106 2560 1175 2622 pro·
1231 2541 1339 2602 dicum
1363 2545 1499 2620 tempus,
1518 2539 1549 2600 in
1575 2539 1680 2600 triduo
1707 2537 1817 2599 mortis
1843 2537 1977 2614 Christi;

427 2635 565 2708 cederet,
580 2639 620 2698 'co
635 2636 720 2717 quod
736 2636 816 2698 dixit
834 2654 840 2698 :
858 2638 956 2710 Quem
972 2656 1031 2718 ego
1051 2639 1174 2701 mittam
1232 2638 1298 2711 scd,
1326 2637 1446 2719 Spiritu
1476 2639 1590 2698 Sancto
1620 2644 1762 2717 accepto,
1793 2644 1978 2697 manserunt

426 2733 525 2797 vobis.
534 2732 808 2805 Quemadmodum
824 2735 973 2816 equidem
989 2742 1073 2798 totus
1089 2755 1177 2798 mun·
1232 2735 1408 2797 tortissimi.

427 2832 486 2894 dus
506 2850 525 2893 a
543 2832 647 2893 tribus
667 2832 812 2894 Personis
835 2841 958 2894 creatus
981 2840 1039 2906 est,
1057 2852 1119 2897 non
1143 2835 1173 2896 in
1271 2835 1399 2912 Absque
1423 2835 1594 2910 synapopis
1619 2835 1744 2909 faciant
1767 2853 1832 2902 vos,
1857 2831 1889 2893 id
1917 2840 1976 2904 cst,

426 2938 582 3012 quantum
597 2937 672 2991 sunt
690 2937 754 2992 tres
772 2930 929 2994 distincta
949 2950 1103 3012 personae,
1120 2933 1174 2994 sed
1230 2939 1383 3012 tanquam
1403 2931 1694 2993 excommunicatos
1713 2949 1750 2992 ac
1768 2929 1908 3012 perfidos
1922 2929 1977 2991 ab·

426 3047 509 3090 unus
525 3029 608 3090 Deus
623 3036 655 3091 θῖ
671 3047 771 3090 unum
788 3027 905 3090 lontalc
922 3029 1129 3110 principium,
1142 3031 1174 3092 in
1193 3035 1214 3098 C
1229 3029 1343 3110 jicient
1358 3048 1413 3091 vos
1434 3028 1580 3091 infideles
1600 3029 1698 3091 Judaei
1718 3049 1737 3091 a
1756 3048 1814 3092 sua
1828 3029 1978 3092 societate

426 3144 490 3208 quo
509 3134 557 3189 est
577 3146 640 3188 una
659 3125 797 3188 essentia
817 3133 848 3188 et
868 3145 931 3188 una
953 3128 1113 3208 potentia3
1130 3129 1175 3189 sic
1230 3135 1262 3188 et
1277 3127 1512 3200 communione,
1530 3135 1561 3189 et
1576 3147 1593 3188 a
1608 3128 1674 3188 suis
1695 3127 1912 3190 materialibus
1927 3147 1978 3208 sy-

427 3224 564 3305 Spiritus
579 3225 712 3287 Sanctus
733 3225 878 3305 procedit
897 3225 1018 3287 aPatre
1039 3233 1070 3287 et
1085 3225 1175 3299 Filio,
1232 3225 1372 3305 nagogis,
1403 3233 1496 3305 prout
1529 3225 1561 3286 in
1593 3225 1724 3287 Actibus
1753 3226 1977 3307 Apostolorum
2008 3243 2088 3283 ruat.

427 3341 490 3385 non
506 3324 683 3386 secundum
704 3323 789 3404 quod
810 3331 884 3384 sunt
898 3323 1056 3386 distincte
1073 3342 1177 3405 perso·
1232 3323 1326 3385 Paulo
1356 3331 1388 3384 et
1409 3322 1558 3384 barnaba
1584 3323 1699 3402 legitur
1722 3323 1885 3386 accidisse.
1911 3325 1978 3384 Sed
1991 3318 2029 3347 ¹¹*

429 3441 488 3494 nae,
505 3421 559 3482 sed
576 3421 608 3482 in
630 3429 786 3501 quantum
803 3429 878 3482 sunt
899 3440 1011 3492 unum,
1027 3421 1179 3484 videlicet
1233 3423 1321 3480 uenit
1336 3423 1429 3490 bora,
1447 3421 1477 3481 id
1497 3428 1556 3494 est,
1573 3428 1699 3501 tempus
1715 3421 1782 3501 jam
1803 3439 1901 3502 prope
1917 3429 1978 3495 est,

428 3525 523 3600 prout
539 3518 572 3580 in
592 3516 749 3579 ambobus
764 3525 812 3578 est
831 3536 895 3579 una
911 3519 1050 3579 essentia
1064 3527 1095 3579 θῖ
1116 3538 1178 3581 una
1234 3522 1385 3578 uictimis
1400 3521 1458 3597 qui
1474 3521 1631 3596 interficit
1653 3540 1716 3589 cos,
1731 3521 1917 3579 arbitretur
1930 3521 1981 3578 ob·

427 3616 586 3679 voluntas.
605 3615 691 3677 ulllc
707 3615 926 3677 testimonium
943 3615 1125 3696 perhibebit
1139 3617 1178 3678 de
1233 3619 1381 3694 sequium
1397 3637 1429 3674 sc
1440 3626 1600 3690 prestare
1613 3619 1692 3685 Deo,
1709 3617 1739 3677 id
1756 3623 1814 3688 θεῖ,
1832 3623 1894 3678 tam
1912 3634 1982 3696 pes-

429 3733 480 3776 me
498 3735 526 3787 n,
544 3713 627 3775 sicut
649 3713 743 3774 modo
765 3712 947 3794 expositum
969 3721 1026 3774 est.
1234 3713 1331 3776 simos
1354 3731 1410 3774 vos
1432 3733 1501 3775 esse
1524 3714 1692 3794 putabunt,
1709 3721 1744 3775 ut
1769 3715 1832 3776 Deo
1855 3722 1982 3796 gratum

469 3815 513 3873 Et
529 3832 582 3872 vos
598 3814 819 3871 testimouium
831 3812 1046 3886 perhibebitis
1060 3812 1099 3874 de
1115 3832 1176 3886 me,
1233 3818 1382 3892 reputent
1401 3829 1456 3872 vos
1476 3830 1600 3884 necare,
1617 3811 1692 3893 quia
1712 3811 1903 3892 judicabunt
1925 3831 1983 3874 vos

429 3909 642 3992 praedicando,
669 3910 823 3972 miracula
852 3909 1007 3986 iaciendo,
1033 3913 1177 3974 omnium
1234 3929 1303 3972 esse
1319 3910 1501 3971 seductores
1516 3918 1611 3991 atque
1628 3910 1818 3992 hypocritas.
1832 3911 1892 3972 Sed
1906 3929 1984 3993 quo

428 4007 574 4089 gentium
590 4007 708 4088 linguis
724 4007 892 4088 loquendo.
910 4008 989 4071 Hinc
1008 4029 1107 4090 quum
1125 4011 1178 4073 Pe·
1235 4009 1320 4070 niam
1351 4014 1429 4069 teste
1458 4007 1636 4082 Ambrosio,
1661 4009 1795 4070 intentio
1825 4008 1983 4091 imprimit

429 4114 498 4167 trus
523 4104 673 4168 claudum
697 4125 715 4167 a
738 4105 901 4168 nativitate
926 4117 1077 4178 curasset,
1099 4109 1179 4170 dixit
1234 4107 1322 4188 operi
1346 4106 1502 4186 speciem;
1519 4114 1629 4188 estque
1652 4125 1822 4170 commune
1847 4107 1981 4180 dictum,

281 4228 333 4272 au.
345 4230 413 4277 uu.
427 4204 544 4266 ludaeis
562 4221 568 4265 :
587 4205 668 4265 Deus
684 4211 810 4284 patrum
827 4212 1006 4267 nostrorum
1022 4206 1179 4286 glorifica·
1194 4206 1218 4268 D
1235 4204 1319 4287 quod
1342 4204 1461 4266 bonum
1482 4213 1530 4266 est
1548 4223 1639 4285 opus,
1657 4206 1683 4266 si
1706 4204 1783 4266 linis
1803 4207 1843 4268 sit
1865 4204 1980 4271 honus.

429 4303 476 4364 vit
501 4302 617 4364 Filium
640 4321 735 4364 suum
756 4303 862 4364 Jesum
887 4321 981 4384 quem
1005 4305 1175 4367 occidistis
1234 4311 1266 4364 et
1282 4310 1366 4364 recta
1383 4304 1515 4364 intentio
1532 4319 1538 4363 :
1557 4303 1682 4365 videtur
1696 4305 1780 4385 quod
1801 4312 1982 4385 persecuto-

286 4423 344 4466 rau.
357 4424 413 4474 aar.
430 4401 468 4463 Et
483 4408 559 4462 tunc
575 4419 613 4463 ex
630 4400 853 4481 predicatione
869 4401 949 4463 Petri
966 4420 1117 4464 conversa
1132 4404 1179 4464 lu·
1234 4422 1284 4464 res
1308 4403 1528 4482 Apostolorum
1555 4409 1586 4464 et
1611 4410 1785 4484 martyrum
1809 4401 1891 4466 bene
1912 4421 1983 4482 ege-

429 4508 524 4561 erunt
539 4499 682 4581 quinque
698 4498 798 4560 millia
811 4501 1177 4583 iudeorumbuumque
1234 4500 1399 4580 runt,quia
1413 4500 1647 4562 arbitrabantur
1662 4520 1696 4562 εθ
1712 4502 1811 4563 Deum
1828 4502 1982 4563 honorare

429 4597 592 4680 principes
613 4597 812 4660 sacerdotum
830 4597 999 4677 jussissent
1019 4600 1178 4680 Apostolis
1235 4599 1267 4659 in
1297 4597 1456 4660 occisione
1484 4599 1705 4679 Apostolorum
1732 4607 1764 4660 ct
1793 4607 1979 4680 martyrum.

429 4714 493 4758 non
514 4695 686 4777 praedicare
707 4695 807 4776 magis
823 4696 861 4758 de
882 4695 1006 4758 Christo
1022 4698 1106 4769 Jesu,
1124 4699 1176 4759 Pe·
1234 4696 1421 4766 Dicendum,
1433 4697 1517 4776 quod
1533 4696 1650 4776 duplex
1666 4703 1714 4757 cst
1730 4695 1816 4768 linis,
1834 4697 1983 4758 videlicet

428 4801 507 4868 trus,
524 4795 580 4874 qui
601 4802 744 4876 tempore
764 4794 920 4875 passionis
943 4794 1024 4875 ejus,
1048 4795 1178 4857 interro·
1233 4795 1309 4855 linis
1330 4793 1447 4874 operis,
1464 4802 1496 4856 et
1517 4793 1591 4855 linis
1612 4795 1782 4875 operantis.
1800 4794 1885 4856 Finis
1907 4812 1982 4876 ope·

426 4890 553 4972 gatione
567 4890 691 4953 ancillas
706 4890 1074 4963 conterritus,Christum
1089 4911 1179 4972 nega·
1234 4893 1289 4967 ris,
1305 4901 1354 4954 est
1375 4892 1451 4953 linis
1473 4893 1649 4973 operationi
1672 4893 1928 4974 proportionatus
1949 4901 1983 4955 et

427 4988 483 5061 vit,
500 4997 532 5050 θῖ
549 4989 696 5063 loannes,
714 4989 769 5069 qui
791 5007 863 5050 cum
885 4988 998 5050 ceteris
1019 4990 1177 5070 Apostolis
1234 5007 1411 5070 congruus3
1428 4989 1503 5052 linis
1522 4997 1628 5051 autem
1649 4991 1821 5071 operantis,
1838 4998 1886 5053 θεῖ
1904 4989 1981 5052 linis

427 5086 519 5168 iugit,
538 5087 658 5168 ingenti
678 5087 866 5149 auctoritate
887 5094 982 5168 atquc
1002 5089 1177 5152 constantia
1233 5108 1328 5171 quem
1345 5106 1479 5170 operans
1499 5087 1559 5149 sibi
1577 5086 1724 5169 preligit,
1741 5088 1905 5151 adinvenit
1924 5108 1981 5151 seu

279 5211 411 5262 rou.v,ao.
426 5187 661 5267 responderunt
678 5203 685 5246 :
703 5185 838 5248 Obcdire
853 5193 978 5265 oportet
994 5187 1057 5249 Deo
1076 5189 1176 5269 magis
1232 5186 1398 5267 contingit,
1416 5205 1514 5266 quum
1538 5194 1643 5247 tamen
1667 5205 1730 5250 nou
1752 5187 1793 5248 sit
1812 5189 1901 5270 operi
1923 5206 1981 5250 suo

426 5302 523 5365 quam
547 5281 742 5345 hominihus.
761 5282 846 5350 Quia
867 5283 907 5340 ab
931 5284 1027 5344 initio
1052 5307 1174 5347 caecum
1231 5285 1487 5369 proportionatus
1502 5292 1533 5346 et
1549 5303 1706 5348 consonus
1725 5303 1731 5348 :
1749 5293 1785 5348 ut
1798 5286 1825 5348 si
1840 5286 1913 5368 quis
1928 5286 1982 5348 ho·
